<?xml version="1.0" encoding="UTF-8"?>
<!DOCTYPE html PUBLIC "-//W3C//DTD XHTML 1.0 Transitional//EN"
    "http://www.w3.org/TR/xhtml1/DTD/xhtml1-transitional.dtd">
<html xmlns="http://www.w3.org/1999/xhtml" xml:lang="en" lang="en">
 <head>
  <title>
</title>
<meta http-equiv="Content-Type" content="text/html;charset=utf-8" />
  <meta name='ocr-system' content='tesseract 3.04.00' />
  <meta name='ocr-capabilities' content='ocr_page ocr_carea ocr_par ocr_line ocrx_word'/>
</head>
<body>
  <div class='ocr_page' id='page_1' title='image "./robertisimsonmd00unkngoog_0455.png"; bbox 0 0 4109 5609; ppageno 0'>
   <div class='ocr_carea' id='block_1_1' title="bbox 1078 404 3196 514">
    <p class='ocr_par' dir='ltr' id='par_1_1' title="bbox 1078 404 3196 514">
     <span class='ocr_line' id='line_1_1' title="bbox 1078 404 3196 514; baseline -0.005 -19"><span class='ocrx_word' id='word_1_1' title='bbox 1078 414 1261 495; x_wconf 88' lang='lat' dir='ltr'>DE</span> <span class='ocrx_word' id='word_1_2' title='bbox 1362 404 2562 495; x_wconf 74' lang='lat' dir='ltr'><strong>PORJSMATIBUS.</strong></span> <span class='ocrx_word' id='word_1_3' title='bbox 3029 428 3196 514; x_wconf 76' lang='lat'>429</span> 
     </span>
    </p>
   </div>
   <div class='ocr_carea' id='block_1_2' title="bbox 431 622 3196 2519">
    <p class='ocr_par' dir='ltr' id='par_1_2' title="bbox 431 622 3196 2519">
     <span class='ocr_line' id='line_1_2' title="bbox 431 622 3192 735; baseline -0.007 -15"><span class='ocrx_word' id='word_1_4' title='bbox 431 664 699 719; x_wconf 85' lang='lat' dir='ltr'>onum</span> <span class='ocrx_word' id='word_1_5' title='bbox 732 636 838 734; x_wconf 93' lang='lat' dir='ltr'>A,</span> <span class='ocrx_word' id='word_1_6' title='bbox 868 636 973 735; x_wconf 92' lang='lat' dir='ltr'>D,</span> <span class='ocrx_word' id='word_1_7' title='bbox 1002 635 1119 733; x_wconf 89' lang='lat' dir='ltr'>H,</span> <span class='ocrx_word' id='word_1_8' title='bbox 1154 633 1365 711; x_wconf 86' lang='lat' dir='ltr'>duae</span> <span class='ocrx_word' id='word_1_9' title='bbox 1398 634 1507 728; x_wconf 92' lang='lat' dir='ltr'>D,</span> <span class='ocrx_word' id='word_1_10' title='bbox 1536 630 1629 708; x_wconf 92' lang='lat' dir='ltr'>H</span> <span class='ocrx_word' id='word_1_11' title='bbox 1662 645 2019 735; x_wconf 81' lang='lat' dir='ltr'>tangunt</span> <span class='ocrx_word' id='word_1_12' title='bbox 2050 626 2306 705; x_wconf 58' lang='lat' dir='ltr'>rastas</span> <span class='ocrx_word' id='word_1_13' title='bbox 2343 622 2728 731; x_wconf 84' lang='lat' dir='ltr'>pofitione</span> <span class='ocrx_word' id='word_1_14' title='bbox 2763 622 2990 703; x_wconf 84' lang='lat' dir='ltr'>datas</span> <span class='ocrx_word' id='word_1_15' title='bbox 3019 624 3192 722; x_wconf 87' lang='grc' dir='ltr'>ΒΚ,</span> 
     </span>
     <span class='ocr_line' id='line_1_3' title="bbox 432 759 3191 881; baseline -0.007 -25"><span class='ocrx_word' id='word_1_16' title='bbox 432 779 612 874; x_wconf 90' lang='lat' dir='ltr'>CK,</span> <span class='ocrx_word' id='word_1_17' title='bbox 678 798 1033 881; x_wconf 86' lang='lat' dir='ltr'>quarum</span> <span class='ocrx_word' id='word_1_18' title='bbox 1076 797 1241 849; x_wconf 86' lang='lat' dir='ltr'>una</span> <span class='ocrx_word' id='word_1_19' title='bbox 1290 769 1435 847; x_wconf 85' lang='grc' dir='ltr'>ΒΚ</span> <span class='ocrx_word' id='word_1_20' title='bbox 1480 762 1761 845; x_wconf 79' lang='lat' dir='ltr'>transit</span> <span class='ocrx_word' id='word_1_21' title='bbox 1806 789 1949 870; x_wconf 87' lang='lat' dir='ltr'>per</span> <span class='ocrx_word' id='word_1_22' title='bbox 1991 790 2261 842; x_wconf 90' lang='lat' dir='ltr'>unum</span> <span class='ocrx_word' id='word_1_23' title='bbox 2307 790 2402 841; x_wconf 83' lang='lat' dir='ltr'>ex</span> <span class='ocrx_word' id='word_1_24' title='bbox 2449 759 2774 868; x_wconf 68' lang='lat' dir='ltr'>pumstis</span> <span class='ocrx_word' id='word_1_25' title='bbox 2821 760 3032 839; x_wconf 84' lang='lat' dir='ltr'>datis</span> <span class='ocrx_word' id='word_1_26' title='bbox 3083 760 3191 857; x_wconf 87' lang='lat' dir='ltr'>B;</span> 
     </span>
     <span class='ocr_line' id='line_1_4' title="bbox 432 897 3196 1019; baseline -0.006 -26"><span class='ocrx_word' id='word_1_27' title='bbox 432 932 717 1019; x_wconf 81' lang='lat' dir='ltr'>tanget</span> <span class='ocrx_word' id='word_1_28' title='bbox 750 910 1061 1013; x_wconf 85' lang='lat' dir='ltr'>reliqua</span> <span class='ocrx_word' id='word_1_29' title='bbox 1106 904 1557 985; x_wconf 65' lang='lat' dir='ltr'>intersestio</span> <span class='ocrx_word' id='word_1_30' title='bbox 1602 905 1679 980; x_wconf 91' lang='lat' dir='ltr'>A</span> <span class='ocrx_word' id='word_1_31' title='bbox 1722 902 2031 981; x_wconf 58' lang='lat' dir='ltr'>reaam</span> <span class='ocrx_word' id='word_1_32' title='bbox 2076 897 2464 1006; x_wconf 87' lang='lat' dir='ltr'>pofitione</span> <span class='ocrx_word' id='word_1_33' title='bbox 2509 899 2816 997; x_wconf 79' lang='lat' dir='ltr'>datam,</span> <span class='ocrx_word' id='word_1_34' title='bbox 2871 926 3013 1003; x_wconf 87' lang='lat' dir='ltr'>per</span> <span class='ocrx_word' id='word_1_35' title='bbox 3059 926 3196 979; x_wconf 81' lang='lat' dir='ltr'>ca-</span> 
     </span>
     <span class='ocr_line' id='line_1_5' title="bbox 434 1035 3194 1153; baseline -0.006 -24"><span class='ocrx_word' id='word_1_36' title='bbox 434 1049 617 1129; x_wconf 86' lang='lat' dir='ltr'>sum</span> <span class='ocrx_word' id='word_1_37' title='bbox 658 1074 732 1153; x_wconf 86' lang='lat'>3.</span> <span class='ocrx_word' id='word_1_38' title='bbox 772 1048 1001 1151; x_wconf 89' lang='lat' dir='ltr'><strong>Prop.</strong></span> <span class='ocrx_word' id='word_1_39' title='bbox 1042 1047 1115 1124; x_wconf 90' lang='lat'>8.</span> <span class='ocrx_word' id='word_1_40' title='bbox 1154 1041 1425 1145; x_wconf 88' lang='lat' dir='ltr'>hujus.</span> <span class='ocrx_word' id='word_1_41' title='bbox 1508 1040 1629 1119; x_wconf 82' lang='lat' dir='ltr'>Sit</span> <span class='ocrx_word' id='word_1_42' title='bbox 1662 1067 1753 1119; x_wconf 90' lang='lat' dir='ltr'>ea</span> <span class='ocrx_word' id='word_1_43' title='bbox 1788 1040 1943 1117; x_wconf 91' lang='lat' dir='ltr'>AK</span> <span class='ocrx_word' id='word_1_44' title='bbox 1980 1064 2188 1144; x_wconf 83' lang='lat' dir='ltr'>quae</span> <span class='ocrx_word' id='word_1_45' title='bbox 2223 1056 2594 1117; x_wconf 84' lang='lat' dir='ltr'>occurrat</span> <span class='ocrx_word' id='word_1_46' title='bbox 2630 1038 2888 1117; x_wconf 69' lang='grc' dir='ltr'>τεέῖειε</span> <span class='ocrx_word' id='word_1_47' title='bbox 2925 1036 3056 1113; x_wconf 87' lang='lat' dir='ltr'>EC</span> <span class='ocrx_word' id='word_1_48' title='bbox 3103 1035 3194 1113; x_wconf 85' lang='lat' dir='ltr'>in</span> 
     </span>
     <span class='ocr_line' id='line_1_6' title="bbox 434 1175 1973 1291; baseline -0.008 -26"><span class='ocrx_word' id='word_1_49' title='bbox 434 1187 531 1269; x_wconf 87' lang='lat' dir='ltr'>L.</span> <span class='ocrx_word' id='word_1_50' title='bbox 624 1184 913 1291; x_wconf 86' lang='lat' dir='ltr'><strong>Igitur,</strong></span> <span class='ocrx_word' id='word_1_51' title='bbox 964 1206 1059 1259; x_wconf 84' lang='lat' dir='ltr'>ex</span> <span class='ocrx_word' id='word_1_52' title='bbox 1106 1176 1419 1258; x_wconf 88' lang='lat' dir='ltr'>ostenfis</span> <span class='ocrx_word' id='word_1_53' title='bbox 1468 1176 1559 1255; x_wconf 88' lang='lat' dir='ltr'>in</span> <span class='ocrx_word' id='word_1_54' title='bbox 1604 1203 1697 1256; x_wconf 90' lang='lat' dir='ltr'>eo</span> <span class='ocrx_word' id='word_1_55' title='bbox 1734 1175 1973 1273; x_wconf 62' lang='lat' dir='ltr'>casu„</span> 
     </span>
     <span class='ocr_line' id='line_1_7' title="bbox 436 1314 1951 1416; baseline -0.009 -15"><span class='ocrx_word' id='word_1_56' title='bbox 436 1323 587 1402; x_wconf 86' lang='lat' dir='ltr'>erit</span> <span class='ocrx_word' id='word_1_57' title='bbox 612 1322 747 1399; x_wconf 90' lang='lat' dir='ltr'>EC</span> <span class='ocrx_word' id='word_1_58' title='bbox 772 1320 875 1399; x_wconf 88' lang='lat' dir='ltr'>acl</span> <span class='ocrx_word' id='word_1_59' title='bbox 902 1320 1061 1416; x_wconf 90' lang='lat' dir='ltr'>CB,</span> <span class='ocrx_word' id='word_1_60' title='bbox 1096 1337 1191 1395; x_wconf 90' lang='lat' dir='ltr'>ut</span> <span class='ocrx_word' id='word_1_61' title='bbox 1218 1318 1350 1394; x_wconf 92' lang='lat' dir='ltr'>BC</span> <span class='ocrx_word' id='word_1_62' title='bbox 1378 1314 1479 1391; x_wconf 89' lang='lat' dir='ltr'>ad</span> <span class='ocrx_word' id='word_1_63' title='bbox 1506 1314 1667 1395; x_wconf 93' lang='lat' dir='ltr'>CL.</span> <span class='ocrx_word' id='word_1_64' title='bbox 1702 1314 1951 1391; x_wconf 82' lang='lat' dir='ltr'>Rur-</span> 
     </span>
     <span class='ocr_line' id='line_1_8' title="bbox 434 1450 1953 1564; baseline -0.008 -26"><span class='ocrx_word' id='word_1_65' title='bbox 434 1460 567 1538; x_wconf 87' lang='lat' dir='ltr'>sus</span> <span class='ocrx_word' id='word_1_66' title='bbox 618 1456 1019 1564; x_wconf 86' lang='lat' dir='ltr'>quoniam</span> <span class='ocrx_word' id='word_1_67' title='bbox 1067 1474 1417 1559; x_wconf 87' lang='lat' dir='ltr'>quatuor</span> <span class='ocrx_word' id='word_1_68' title='bbox 1462 1450 1649 1529; x_wconf 87' lang='lat' dir='ltr'>sunt</span> <span class='ocrx_word' id='word_1_69' title='bbox 1694 1450 1953 1529; x_wconf 57' lang='lat' dir='ltr'>rediae</span> 
     </span>
     <span class='ocr_line' id='line_1_9' title="bbox 436 1588 1951 1695; baseline -0.007 -20"><span class='ocrx_word' id='word_1_70' title='bbox 436 1598 613 1695; x_wconf 88' lang='lat' dir='ltr'>EC,</span> <span class='ocrx_word' id='word_1_71' title='bbox 654 1595 843 1691; x_wconf 87' lang='grc' dir='ltr'>ΕΙ),</span> <span class='ocrx_word' id='word_1_72' title='bbox 894 1594 1089 1689; x_wconf 87' lang='lat' dir='ltr'>DA,</span> <span class='ocrx_word' id='word_1_73' title='bbox 1140 1592 1299 1667; x_wconf 90' lang='lat' dir='ltr'>AC</span> <span class='ocrx_word' id='word_1_74' title='bbox 1346 1614 1697 1694; x_wconf 84' lang='lat' dir='ltr'>quarum</span> <span class='ocrx_word' id='word_1_75' title='bbox 1747 1588 1951 1666; x_wconf 86' lang='lat' dir='ltr'>duae</span> 
     </span>
     <span class='ocr_line' id='line_1_10' title="bbox 436 1724 2128 1833; baseline -0.007 -20"><span class='ocrx_word' id='word_1_76' title='bbox 436 1734 600 1832; x_wconf 85' lang='lat' dir='ltr'>EC,</span> <span class='ocrx_word' id='word_1_77' title='bbox 630 1734 783 1810; x_wconf 91' lang='lat' dir='ltr'>AD</span> <span class='ocrx_word' id='word_1_78' title='bbox 820 1730 1006 1807; x_wconf 90' lang='lat' dir='ltr'>sunt</span> <span class='ocrx_word' id='word_1_79' title='bbox 1040 1730 1253 1805; x_wconf 81' lang='lat' dir='ltr'>inter</span> <span class='ocrx_word' id='word_1_80' title='bbox 1286 1724 1361 1803; x_wconf 90' lang='lat' dir='ltr'>se</span> <span class='ocrx_word' id='word_1_81' title='bbox 1398 1724 1839 1833; x_wconf 57' lang='lat' dir='ltr'>parallelae,</span> <span class='ocrx_word' id='word_1_82' title='bbox 1872 1746 1949 1803; x_wconf 87' lang='lat' dir='ltr'>et</span> <span class='ocrx_word' id='word_1_83' title='bbox 2121 1810 2128 1815; x_wconf 56' lang='grc'><strong>,</strong></span> 
     </span>
     <span class='ocr_line' id='line_1_11' title="bbox 432 1861 1949 1968; baseline -0.007 -19"><span class='ocrx_word' id='word_1_84' title='bbox 432 1870 623 1949; x_wconf 89' lang='lat' dir='ltr'>data</span> <span class='ocrx_word' id='word_1_85' title='bbox 662 1868 848 1947; x_wconf 89' lang='lat' dir='ltr'>sunt</span> <span class='ocrx_word' id='word_1_86' title='bbox 881 1865 1047 1943; x_wconf 90' lang='lat' dir='ltr'>duo</span> <span class='ocrx_word' id='word_1_87' title='bbox 1082 1865 1384 1968; x_wconf 59' lang='lat' dir='ltr'>punaa</span> <span class='ocrx_word' id='word_1_88' title='bbox 1420 1864 1514 1961; x_wconf 92' lang='lat' dir='ltr'>E,</span> <span class='ocrx_word' id='word_1_89' title='bbox 1557 1863 1621 1939; x_wconf 92' lang='lat' dir='ltr'>C</span> <span class='ocrx_word' id='word_1_90' title='bbox 1658 1861 1747 1939; x_wconf 87' lang='lat' dir='ltr'>in</span> <span class='ocrx_word' id='word_1_91' title='bbox 1781 1888 1949 1939; x_wconf 85' lang='lat' dir='ltr'>una</span> 
     </span>
     <span class='ocr_line' id='line_1_12' title="bbox 433 1998 1943 2113; baseline -0.006 -27"><span class='ocrx_word' id='word_1_92' title='bbox 433 2004 1025 2113; x_wconf 86' lang='lat' dir='ltr'>parallelarum,</span> <span class='ocrx_word' id='word_1_93' title='bbox 1066 2000 1567 2107; x_wconf 85' lang='lat' dir='ltr'>reliquarum</span> <span class='ocrx_word' id='word_1_94' title='bbox 1596 2026 1783 2077; x_wconf 88' lang='lat' dir='ltr'>vero</span> <span class='ocrx_word' id='word_1_95' title='bbox 1810 1998 1943 2077; x_wconf 88' lang='lat' dir='ltr'>in-</span> 
     </span>
     <span class='ocr_line' id='line_1_13' title="bbox 432 2136 2136 2236; baseline -0.008 -12"><span class='ocrx_word' id='word_1_96' title='bbox 432 2140 1003 2224; x_wconf 66' lang='lat' dir='ltr'>tersed&#39;tionum</span> <span class='ocrx_word' id='word_1_97' title='bbox 1048 2140 1151 2236; x_wconf 89' lang='lat' dir='ltr'>A,</span> <span class='ocrx_word' id='word_1_98' title='bbox 1191 2141 1298 2236; x_wconf 88' lang='lat' dir='ltr'>D,</span> <span class='ocrx_word' id='word_1_99' title='bbox 1338 2138 1425 2233; x_wconf 88' lang='lat' dir='ltr'>F,</span> <span class='ocrx_word' id='word_1_100' title='bbox 1474 2136 1683 2215; x_wconf 86' lang='lat' dir='ltr'>duae</span> <span class='ocrx_word' id='word_1_101' title='bbox 1724 2138 1827 2233; x_wconf 88' lang='lat' dir='ltr'>A,</span> <span class='ocrx_word' id='word_1_102' title='bbox 1866 2136 1945 2212; x_wconf 92' lang='lat' dir='ltr'>D</span> <span class='ocrx_word' id='word_1_103' title='bbox 2082 2154 2136 2218; x_wconf 86' lang='lat' dir='ltr'><strong>E</strong></span> 
     </span>
     <span class='ocr_line' id='line_1_14' title="bbox 434 2272 1941 2387; baseline -0.004 -28"><span class='ocrx_word' id='word_1_104' title='bbox 434 2298 789 2387; x_wconf 88' lang='lat' dir='ltr'>tangunt</span> <span class='ocrx_word' id='word_1_105' title='bbox 822 2277 1073 2363; x_wconf 60' lang='lat' dir='ltr'>redtas</span> <span class='ocrx_word' id='word_1_106' title='bbox 1102 2272 1485 2379; x_wconf 78' lang='lat' dir='ltr'>positione</span> <span class='ocrx_word' id='word_1_107' title='bbox 1512 2274 1737 2352; x_wconf 86' lang='lat' dir='ltr'>datas</span> <span class='ocrx_word' id='word_1_108' title='bbox 1762 2274 1941 2372; x_wconf 90' lang='lat' dir='ltr'>LK,</span> 
     </span>
     <span class='ocr_line' id='line_1_15' title="bbox 434 2408 3188 2519; baseline -0.001 -24"><span class='ocrx_word' id='word_1_109' title='bbox 434 2420 625 2514; x_wconf 87' lang='lat' dir='ltr'>BK;</span> <span class='ocrx_word' id='word_1_110' title='bbox 699 2413 1009 2519; x_wconf 84' lang='lat' dir='ltr'>reliqua</span> <span class='ocrx_word' id='word_1_111' title='bbox 1044 2410 1492 2489; x_wconf 77' lang='lat' dir='ltr'>intersectio</span> <span class='ocrx_word' id='word_1_112' title='bbox 1530 2414 1587 2489; x_wconf 90' lang='lat' dir='ltr'>F</span> <span class='ocrx_word' id='word_1_113' title='bbox 1624 2429 1903 2518; x_wconf 87' lang='lat' dir='ltr'>tanget</span> <span class='ocrx_word' id='word_1_114' title='bbox 1936 2413 2240 2493; x_wconf 69' lang='lat' dir='ltr'>restam</span> <span class='ocrx_word' id='word_1_115' title='bbox 2287 2408 2672 2519; x_wconf 83' lang='lat' dir='ltr'>pQfitione</span> <span class='ocrx_word' id='word_1_116' title='bbox 2717 2411 2998 2491; x_wconf 87' lang='lat' dir='ltr'>datam</span> <span class='ocrx_word' id='word_1_117' title='bbox 3043 2439 3188 2517; x_wconf 64' lang='lat' dir='ltr'>pet</span> 
     </span>
    </p>
   </div>
   <div class='ocr_carea' id='block_1_3' title="bbox 2141 1302 3187 2219">
    <p class='ocr_par' dir='ltr' id='par_1_3' title="bbox 2141 1302 3187 2219">
     <span class='ocr_line' id='line_1_16' title="bbox 2141 1302 3187 2219; baseline 0 0"><span class='ocrx_word' id='word_1_118' title='bbox 2141 1302 3187 2219; x_wconf 95' lang='lat' dir='ltr'> </span> 
     </span>
    </p>
   </div>
   <div class='ocr_carea' id='block_1_4' title="bbox 434 2547 3441 2655">
    <p class='ocr_par' dir='ltr' id='par_1_4' title="bbox 434 2547 3441 2655">
     <span class='ocr_line' id='line_1_17' title="bbox 434 2547 3441 2655; baseline -0.004 -18"><span class='ocrx_word' id='word_1_119' title='bbox 434 2554 711 2637; x_wconf 88' lang='lat' dir='ltr'>casum</span> <span class='ocrx_word' id='word_1_120' title='bbox 745 2576 827 2655; x_wconf 87' lang='lat'>4.</span> <span class='ocrx_word' id='word_1_121' title='bbox 864 2549 967 2631; x_wconf 89' lang='lat' dir='ltr'>se.</span> <span class='ocrx_word' id='word_1_122' title='bbox 1004 2576 1145 2652; x_wconf 89' lang='lat' dir='ltr'>per</span> <span class='ocrx_word' id='word_1_123' title='bbox 1180 2568 1327 2629; x_wconf 85' lang='lat' dir='ltr'><strong>art.</strong></span> <span class='ocrx_word' id='word_1_124' title='bbox 1366 2547 1535 2652; x_wconf 86' lang='lat' dir='ltr'>ejus</span> <span class='ocrx_word' id='word_1_125' title='bbox 1576 2575 1652 2653; x_wconf 87' lang='lat'>3.</span> <span class='ocrx_word' id='word_1_126' title='bbox 1689 2549 1919 2652; x_wconf 90' lang='lat' dir='ltr'><strong>Prop.</strong></span> <span class='ocrx_word' id='word_1_127' title='bbox 1953 2550 2027 2631; x_wconf 92' lang='lat'>8.</span> <span class='ocrx_word' id='word_1_128' title='bbox 2065 2548 2337 2654; x_wconf 75' lang='lat' dir='ltr'>hujuS.</span> <span class='ocrx_word' id='word_1_129' title='bbox 2407 2550 2528 2629; x_wconf 86' lang='lat' dir='ltr'>Sit</span> <span class='ocrx_word' id='word_1_130' title='bbox 2564 2576 2656 2628; x_wconf 87' lang='lat' dir='ltr'>ea</span> <span class='ocrx_word' id='word_1_131' title='bbox 2689 2550 2856 2649; x_wconf 76' lang='lat' dir='ltr'>PK,</span> <span class='ocrx_word' id='word_1_132' title='bbox 2894 2575 3185 2629; x_wconf 91' lang='lat' dir='ltr'>occur-</span> <span class='ocrx_word' id='word_1_133' title='bbox 3335 2570 3346 2581; x_wconf 79' lang='lat'><strong>·</strong></span> <span class='ocrx_word' id='word_1_134' title='bbox 3430 2589 3441 2600; x_wconf 95' lang='lat'><em>·</em></span> 
     </span>
    </p>
   </div>
   <div class='ocr_carea' id='block_1_5' title="bbox 431 2684 3186 3049">
    <p class='ocr_par' dir='ltr' id='par_1_5' title="bbox 431 2684 3186 3049">
     <span class='ocr_line' id='line_1_18' title="bbox 431 2684 3186 2797; baseline -0.003 -25"><span class='ocrx_word' id='word_1_135' title='bbox 431 2712 721 2797; x_wconf 87' lang='lat' dir='ltr'>ratque</span> <span class='ocrx_word' id='word_1_136' title='bbox 756 2688 1011 2767; x_wconf 61' lang='lat' dir='ltr'>reRae</span> <span class='ocrx_word' id='word_1_137' title='bbox 1047 2687 1179 2764; x_wconf 92' lang='lat' dir='ltr'>EC</span> <span class='ocrx_word' id='word_1_138' title='bbox 1214 2684 1305 2764; x_wconf 89' lang='lat' dir='ltr'>in</span> <span class='ocrx_word' id='word_1_139' title='bbox 1339 2684 1449 2767; x_wconf 89' lang='lat' dir='ltr'>G.</span> <span class='ocrx_word' id='word_1_140' title='bbox 1545 2687 1672 2783; x_wconf 90' lang='lat' dir='ltr'>Et,</span> <span class='ocrx_word' id='word_1_141' title='bbox 1725 2711 1820 2763; x_wconf 81' lang='lat' dir='ltr'>ex</span> <span class='ocrx_word' id='word_1_142' title='bbox 1854 2684 2170 2766; x_wconf 87' lang='lat' dir='ltr'>ostenfis</span> <span class='ocrx_word' id='word_1_143' title='bbox 2208 2686 2298 2766; x_wconf 87' lang='lat' dir='ltr'>in</span> <span class='ocrx_word' id='word_1_144' title='bbox 2333 2714 2427 2766; x_wconf 90' lang='lat' dir='ltr'>eo</span> <span class='ocrx_word' id='word_1_145' title='bbox 2463 2686 2675 2784; x_wconf 89' lang='lat' dir='ltr'>casu,</span> <span class='ocrx_word' id='word_1_146' title='bbox 2725 2687 2876 2766; x_wconf 88' lang='lat' dir='ltr'>erit</span> <span class='ocrx_word' id='word_1_147' title='bbox 2911 2685 3044 2765; x_wconf 89' lang='lat' dir='ltr'>EC</span> <span class='ocrx_word' id='word_1_148' title='bbox 3081 2686 3186 2765; x_wconf 84' lang='lat' dir='ltr'>ad</span> 
     </span>
     <span class='ocr_line' id='line_1_19' title="bbox 431 2820 3185 2931; baseline -0.003 -22"><span class='ocrx_word' id='word_1_149' title='bbox 431 2830 597 2927; x_wconf 91' lang='lat' dir='ltr'>BL,</span> <span class='ocrx_word' id='word_1_150' title='bbox 636 2848 733 2906; x_wconf 87' lang='lat' dir='ltr'>ut</span> <span class='ocrx_word' id='word_1_151' title='bbox 767 2824 917 2905; x_wconf 92' lang='lat' dir='ltr'>CG</span> <span class='ocrx_word' id='word_1_152' title='bbox 952 2822 1057 2903; x_wconf 86' lang='lat' dir='ltr'>ad</span> <span class='ocrx_word' id='word_1_153' title='bbox 1090 2822 1273 2905; x_wconf 91' lang='lat' dir='ltr'>GL.</span> <span class='ocrx_word' id='word_1_154' title='bbox 1366 2821 1627 2929; x_wconf 85' lang='lat' dir='ltr'>Igitur</span> <span class='ocrx_word' id='word_1_155' title='bbox 1659 2824 1963 2926; x_wconf 61' lang='lat' dir='ltr'>punita</span> <span class='ocrx_word' id='word_1_156' title='bbox 1996 2826 2100 2923; x_wconf 91' lang='lat' dir='ltr'>A,</span> <span class='ocrx_word' id='word_1_157' title='bbox 2141 2826 2199 2904; x_wconf 91' lang='lat' dir='ltr'>F</span> <span class='ocrx_word' id='word_1_158' title='bbox 2235 2845 2588 2931; x_wconf 86' lang='lat' dir='ltr'>tangunt</span> <span class='ocrx_word' id='word_1_159' title='bbox 2622 2825 2872 2904; x_wconf 71' lang='lat' dir='ltr'>rectas</span> <span class='ocrx_word' id='word_1_160' title='bbox 2909 2820 3185 2929; x_wconf 83' lang='lat' dir='ltr'>pofiti-</span> 
     </span>
     <span class='ocr_line' id='line_1_20' title="bbox 434 2964 877 3049; baseline -0.014 0"><span class='ocrx_word' id='word_1_161' title='bbox 434 2994 587 3049; x_wconf 87' lang='lat' dir='ltr'>one</span> <span class='ocrx_word' id='word_1_162' title='bbox 622 2964 877 3043; x_wconf 64' lang='lat' dir='ltr'>datas».</span> 
     </span>
    </p>
   </div>
   <div class='ocr_carea' id='block_1_6' title="bbox 568 3097 3182 3343">
    <p class='ocr_par' dir='ltr' id='par_1_6' title="bbox 568 3097 3182 3343">
     <span class='ocr_line' id='line_1_21' title="bbox 1430 3097 2170 3203; baseline 0.009 -29"><span class='ocrx_word' id='word_1_163' title='bbox 1430 3097 1985 3203; x_wconf 85' lang='lat' dir='ltr'>Componetur</span> <span class='ocrx_word' id='word_1_164' title='bbox 2030 3098 2170 3183; x_wconf 83' lang='lat' dir='ltr'><strong>ita.</strong></span> 
     </span>
     <span class='ocr_line' id='line_1_22' title="bbox 568 3233 3182 3343; baseline -0.001 -23"><span class='ocrx_word' id='word_1_165' title='bbox 568 3240 745 3319; x_wconf 88' lang='lat' dir='ltr'>Fiat</span> <span class='ocrx_word' id='word_1_166' title='bbox 776 3258 871 3317; x_wconf 89' lang='lat' dir='ltr'>ut</span> <span class='ocrx_word' id='word_1_167' title='bbox 907 3237 1041 3315; x_wconf 91' lang='lat' dir='ltr'>EC</span> <span class='ocrx_word' id='word_1_168' title='bbox 1076 3234 1181 3313; x_wconf 88' lang='lat' dir='ltr'>ad</span> <span class='ocrx_word' id='word_1_169' title='bbox 1216 3233 1377 3332; x_wconf 88' lang='lat' dir='ltr'>CB,</span> <span class='ocrx_word' id='word_1_170' title='bbox 1416 3233 1531 3315; x_wconf 85' lang='lat' dir='ltr'>ita</span> <span class='ocrx_word' id='word_1_171' title='bbox 1568 3234 1703 3314; x_wconf 89' lang='lat' dir='ltr'>BC</span> <span class='ocrx_word' id='word_1_172' title='bbox 1728 3236 1832 3314; x_wconf 90' lang='lat' dir='ltr'>ad</span> <span class='ocrx_word' id='word_1_173' title='bbox 1859 3238 2023 3336; x_wconf 90' lang='lat' dir='ltr'>CL,</span> <span class='ocrx_word' id='word_1_174' title='bbox 2065 3260 2143 3317; x_wconf 87' lang='lat' dir='ltr'>et</span> <span class='ocrx_word' id='word_1_175' title='bbox 2163 3236 2566 3343; x_wconf 83' lang='lat' dir='ltr'>jungatur</span> <span class='ocrx_word' id='word_1_176' title='bbox 2589 3236 2768 3335; x_wconf 93' lang='lat' dir='ltr'>LK,</span> <span class='ocrx_word' id='word_1_177' title='bbox 2807 3234 2958 3315; x_wconf 84' lang='lat' dir='ltr'>erit</span> <span class='ocrx_word' id='word_1_178' title='bbox 2983 3234 3182 3318; x_wconf 71' lang='lat' dir='ltr'><strong>haet.</strong></span> 
     </span>
    </p>
   </div>
   <div class='ocr_carea' id='block_1_7' title="bbox 433 3370 3323 3483">
    <p class='ocr_par' dir='ltr' id='par_1_7' title="bbox 433 3370 3323 3483">
     <span class='ocr_line' id='line_1_23' title="bbox 433 3370 3323 3483; baseline -0.003 -25"><span class='ocrx_word' id='word_1_179' title='bbox 433 3380 647 3458; x_wconf 64' lang='lat' dir='ltr'>resta</span> <span class='ocrx_word' id='word_1_180' title='bbox 682 3402 937 3483; x_wconf 85' lang='lat' dir='ltr'>quam</span> <span class='ocrx_word' id='word_1_181' title='bbox 980 3370 1249 3479; x_wconf 88' lang='lat' dir='ltr'>tangit</span> <span class='ocrx_word' id='word_1_182' title='bbox 1293 3372 1695 3476; x_wconf 68' lang='lat' dir='ltr'>puncstum</span> <span class='ocrx_word' id='word_1_183' title='bbox 1738 3374 1845 3471; x_wconf 89' lang='lat' dir='ltr'>A,</span> <span class='ocrx_word' id='word_1_184' title='bbox 1893 3394 1989 3453; x_wconf 87' lang='lat' dir='ltr'>ut</span> <span class='ocrx_word' id='word_1_185' title='bbox 2034 3374 2126 3454; x_wconf 86' lang='lat' dir='ltr'>in</span> <span class='ocrx_word' id='word_1_186' title='bbox 2171 3374 2356 3453; x_wconf 86' lang='lat' dir='ltr'>casu</span> <span class='ocrx_word' id='word_1_187' title='bbox 2397 3401 2471 3479; x_wconf 85' lang='lat'>3.</span> <span class='ocrx_word' id='word_1_188' title='bbox 2521 3375 2752 3478; x_wconf 87' lang='lat' dir='ltr'><strong>Prop.</strong></span> <span class='ocrx_word' id='word_1_189' title='bbox 2795 3375 2870 3455; x_wconf 92' lang='lat'>8.</span> <span class='ocrx_word' id='word_1_190' title='bbox 2917 3373 3185 3452; x_wconf 87' lang='lat' dir='ltr'>osten-</span> <span class='ocrx_word' id='word_1_191' title='bbox 3313 3383 3323 3391; x_wconf 80' lang='grc'><strong>“</strong></span> 
     </span>
    </p>
   </div>
   <div class='ocr_carea' id='block_1_8' title="bbox 432 3508 3186 4575">
    <p class='ocr_par' dir='ltr' id='par_1_8' title="bbox 432 3508 3186 3890">
     <span class='ocr_line' id='line_1_24' title="bbox 432 3508 3186 3615; baseline -0.002 -20"><span class='ocrx_word' id='word_1_192' title='bbox 432 3518 615 3595; x_wconf 88' lang='lat' dir='ltr'>sum</span> <span class='ocrx_word' id='word_1_193' title='bbox 649 3514 783 3594; x_wconf 86' lang='lat' dir='ltr'>est.</span> <span class='ocrx_word' id='word_1_194' title='bbox 852 3510 1065 3590; x_wconf 86' lang='lat' dir='ltr'><strong>Dein</strong></span> <span class='ocrx_word' id='word_1_195' title='bbox 1098 3508 1240 3588; x_wconf 85' lang='lat' dir='ltr'>fiat</span> <span class='ocrx_word' id='word_1_196' title='bbox 1273 3530 1369 3589; x_wconf 90' lang='lat' dir='ltr'>ut</span> <span class='ocrx_word' id='word_1_197' title='bbox 1403 3509 1537 3588; x_wconf 89' lang='lat' dir='ltr'>EC</span> <span class='ocrx_word' id='word_1_198' title='bbox 1572 3508 1677 3587; x_wconf 87' lang='lat' dir='ltr'>ad</span> <span class='ocrx_word' id='word_1_199' title='bbox 1704 3510 1865 3607; x_wconf 91' lang='lat' dir='ltr'>BL,</span> <span class='ocrx_word' id='word_1_200' title='bbox 1907 3510 2021 3588; x_wconf 85' lang='lat' dir='ltr'>ita</span> <span class='ocrx_word' id='word_1_201' title='bbox 2059 3512 2207 3589; x_wconf 91' lang='lat' dir='ltr'>CG</span> <span class='ocrx_word' id='word_1_202' title='bbox 2245 3509 2349 3590; x_wconf 84' lang='lat' dir='ltr'>ad</span> <span class='ocrx_word' id='word_1_203' title='bbox 2384 3510 2568 3609; x_wconf 92' lang='lat' dir='ltr'>GL,</span> <span class='ocrx_word' id='word_1_204' title='bbox 2607 3532 2684 3589; x_wconf 92' lang='lat' dir='ltr'>et</span> <span class='ocrx_word' id='word_1_205' title='bbox 2707 3509 2998 3615; x_wconf 66' lang='lat' dir='ltr'>junsta</span> <span class='ocrx_word' id='word_1_206' title='bbox 3019 3510 3186 3589; x_wconf 89' lang='lat' dir='ltr'>GK</span> 
     </span>
     <span class='ocr_line' id='line_1_25' title="bbox 434 3645 3179 3765; baseline -0 -34"><span class='ocrx_word' id='word_1_207' title='bbox 434 3652 585 3731; x_wconf 86' lang='lat' dir='ltr'>erit</span> <span class='ocrx_word' id='word_1_208' title='bbox 618 3652 833 3732; x_wconf 62' lang='lat' dir='ltr'>reeta</span> <span class='ocrx_word' id='word_1_209' title='bbox 868 3676 1125 3765; x_wconf 74' lang='lat' dir='ltr'>quatu</span> <span class='ocrx_word' id='word_1_210' title='bbox 1154 3645 1425 3752; x_wconf 84' lang='lat' dir='ltr'>tangit</span> <span class='ocrx_word' id='word_1_211' title='bbox 1458 3646 1859 3751; x_wconf 66' lang='lat' dir='ltr'>punfizum</span> <span class='ocrx_word' id='word_1_212' title='bbox 1896 3648 1980 3745; x_wconf 92' lang='lat' dir='ltr'>F,</span> <span class='ocrx_word' id='word_1_213' title='bbox 2029 3669 2128 3727; x_wconf 89' lang='lat' dir='ltr'>ut</span> <span class='ocrx_word' id='word_1_214' title='bbox 2173 3646 2575 3729; x_wconf 86' lang='lat' dir='ltr'>ostensum</span> <span class='ocrx_word' id='word_1_215' title='bbox 2621 3646 2731 3727; x_wconf 86' lang='lat' dir='ltr'>est</span> <span class='ocrx_word' id='word_1_216' title='bbox 2773 3647 2865 3725; x_wconf 90' lang='lat' dir='ltr'>in</span> <span class='ocrx_word' id='word_1_217' title='bbox 2914 3666 3062 3729; x_wconf 89' lang='lat' dir='ltr'><strong>art.</strong></span> <span class='ocrx_word' id='word_1_218' title='bbox 3105 3672 3179 3753; x_wconf 82' lang='lat'>3.</span> 
     </span>
     <span class='ocr_line' id='line_1_26' title="bbox 437 3782 1474 3890; baseline -0.005 -22"><span class='ocrx_word' id='word_1_219' title='bbox 437 3787 657 3868; x_wconf 85' lang='lat' dir='ltr'>casus</span> <span class='ocrx_word' id='word_1_220' title='bbox 696 3813 777 3890; x_wconf 92' lang='lat'>4.</span> <span class='ocrx_word' id='word_1_221' title='bbox 814 3788 1045 3890; x_wconf 92' lang='lat' dir='ltr'><strong>Prop.</strong></span> <span class='ocrx_word' id='word_1_222' title='bbox 1090 3786 1164 3865; x_wconf 84' lang='lat'>8.</span> <span class='ocrx_word' id='word_1_223' title='bbox 1202 3782 1474 3886; x_wconf 86' lang='lat' dir='ltr'>hujus.</span> 
     </span>
    </p>

    <p class='ocr_par' dir='ltr' id='par_1_9' title="bbox 434 3918 3183 4575">
     <span class='ocr_line' id='line_1_27' title="bbox 564 3918 3182 4003; baseline -0 -3"><span class='ocrx_word' id='word_1_224' title='bbox 564 3922 919 4003; x_wconf 85' lang='lat' dir='ltr'>Videtur</span> <span class='ocrx_word' id='word_1_225' title='bbox 953 3942 1227 4001; x_wconf 87' lang='lat' dir='ltr'>autem</span> <span class='ocrx_word' id='word_1_226' title='bbox 1264 3918 1685 3999; x_wconf 85' lang='lat' dir='ltr'>Euclidem</span> <span class='ocrx_word' id='word_1_227' title='bbox 1718 3921 1921 4000; x_wconf 83' lang='lat' dir='ltr'>duas</span> <span class='ocrx_word' id='word_1_228' title='bbox 1959 3920 2106 4001; x_wconf 84' lang='lat' dir='ltr'>has</span> <span class='ocrx_word' id='word_1_229' title='bbox 2145 3922 2774 4001; x_wconf 59' lang='lat' dir='ltr'>constructiones</span> <span class='ocrx_word' id='word_1_230' title='bbox 2812 3921 2902 4000; x_wconf 86' lang='lat' dir='ltr'>in</span> <span class='ocrx_word' id='word_1_231' title='bbox 2925 3948 3182 4000; x_wconf 88' lang='lat' dir='ltr'>unam</span> 
     </span>
     <span class='ocr_line' id='line_1_28' title="bbox 437 4056 3182 4165; baseline -0.001 -24"><span class='ocrx_word' id='word_1_232' title='bbox 437 4056 923 4165; x_wconf 85' lang='lat' dir='ltr'>conjunxiffe</span> <span class='ocrx_word' id='word_1_233' title='bbox 970 4058 1075 4137; x_wconf 88' lang='lat' dir='ltr'>ad</span> <span class='ocrx_word' id='word_1_234' title='bbox 1121 4056 1705 4136; x_wconf 86' lang='lat' dir='ltr'>inveniendum</span> <span class='ocrx_word' id='word_1_235' title='bbox 1753 4060 2156 4162; x_wconf 66' lang='lat' dir='ltr'>pune‘tum</span> <span class='ocrx_word' id='word_1_236' title='bbox 2201 4062 2314 4157; x_wconf 91' lang='lat' dir='ltr'>G,</span> <span class='ocrx_word' id='word_1_237' title='bbox 2365 4057 2762 4137; x_wconf 86' lang='lat' dir='ltr'>nimirum</span> <span class='ocrx_word' id='word_1_238' title='bbox 2809 4057 3182 4137; x_wconf 86' lang='lat' dir='ltr'>faciendo</span> 
     </span>
     <span class='ocr_line' id='line_1_29' title="bbox 434 4192 3183 4303; baseline -0.002 -26"><span class='ocrx_word' id='word_1_239' title='bbox 434 4219 529 4277; x_wconf 88' lang='lat' dir='ltr'>ut</span> <span class='ocrx_word' id='word_1_240' title='bbox 574 4194 1069 4302; x_wconf 86' lang='lat' dir='ltr'>quadratum</span> <span class='ocrx_word' id='word_1_241' title='bbox 1114 4220 1208 4273; x_wconf 80' lang='lat' dir='ltr'>ex</span> <span class='ocrx_word' id='word_1_242' title='bbox 1254 4194 1385 4271; x_wconf 87' lang='grc' dir='ltr'>ΕΒ</span> <span class='ocrx_word' id='word_1_243' title='bbox 1431 4192 1538 4272; x_wconf 85' lang='lat' dir='ltr'>ad</span> <span class='ocrx_word' id='word_1_244' title='bbox 1580 4196 2150 4303; x_wconf 61' lang='lat' dir='ltr'>redtangulum</span> <span class='ocrx_word' id='word_1_245' title='bbox 2197 4195 2358 4293; x_wconf 89' lang='lat' dir='ltr'>EC,</span> <span class='ocrx_word' id='word_1_246' title='bbox 2400 4196 2560 4295; x_wconf 91' lang='lat' dir='ltr'>CB,</span> <span class='ocrx_word' id='word_1_247' title='bbox 2623 4195 2736 4273; x_wconf 86' lang='lat' dir='ltr'>ita</span> <span class='ocrx_word' id='word_1_248' title='bbox 2780 4196 2995 4273; x_wconf 66' lang='lat' dir='ltr'>resta</span> <span class='ocrx_word' id='word_1_249' title='bbox 3031 4193 3183 4271; x_wconf 91' lang='lat' dir='ltr'>BG</span> 
     </span>
     <span class='ocr_line' id='line_1_30' title="bbox 438 4329 3181 4439; baseline -0.003 -26"><span class='ocrx_word' id='word_1_250' title='bbox 438 4334 538 4413; x_wconf 86' lang='lat' dir='ltr'>ad</span> <span class='ocrx_word' id='word_1_251' title='bbox 576 4332 837 4438; x_wconf 86' lang='lat' dir='ltr'>ipsam</span> <span class='ocrx_word' id='word_1_252' title='bbox 870 4332 1048 4413; x_wconf 91' lang='lat' dir='ltr'>GC.</span> <span class='ocrx_word' id='word_1_253' title='bbox 1117 4332 1359 4409; x_wconf 78' lang='lat' dir='ltr'><strong>Hanc</strong></span> <span class='ocrx_word' id='word_1_254' title='bbox 1396 4350 1671 4409; x_wconf 85' lang='lat' dir='ltr'>autem</span> <span class='ocrx_word' id='word_1_255' title='bbox 1708 4333 2387 4417; x_wconf 67' lang='lat' dir='ltr'>construffionem</span> <span class='ocrx_word' id='word_1_256' title='bbox 2411 4358 2505 4413; x_wconf 84' lang='lat' dir='ltr'>ex</span> <span class='ocrx_word' id='word_1_257' title='bbox 2529 4330 2954 4439; x_wconf 68' lang='lat' dir='ltr'>praediffis</span> <span class='ocrx_word' id='word_1_258' title='bbox 2981 4329 3181 4409; x_wconf 86' lang='lat' dir='ltr'>dua-</span> 
     </span>
     <span class='ocr_line' id='line_1_31' title="bbox 439 4466 1681 4575; baseline 0.002 -24"><span class='ocrx_word' id='word_1_259' title='bbox 439 4471 597 4553; x_wconf 91' lang='lat' dir='ltr'>bus</span> <span class='ocrx_word' id='word_1_260' title='bbox 630 4468 1010 4575; x_wconf 83' lang='lat' dir='ltr'>derivari,</span> <span class='ocrx_word' id='word_1_261' title='bbox 1056 4466 1173 4549; x_wconf 84' lang='lat' dir='ltr'>ita</span> <span class='ocrx_word' id='word_1_262' title='bbox 1206 4466 1681 4554; x_wconf 83' lang='lat' dir='ltr'>ostendetur.</span> 
     </span>
    </p>
   </div>
  </div>
 </body>
</html>
