4109 5609
1238 345 2418 434 PRAEFATIO.
3046 383 3206 466 319

442 571 635 672 tica,
672 569 906 652 nullo
944 563 1167 646 enim
1200 563 1451 644 modo
1478 563 1934 673 cognitioni
1959 565 2494 648 Porismatum
2519 569 2988 654 inserviunt.
3054 575 3210 654 At·

442 734 605 816 que
653 706 747 786 hi
794 702 941 784 soli
988 702 1174 782 sunt
1222 704 1617 800 auctores,
1693 723 2104 809 quantum
2162 705 2388 806 novi,
2465 706 2610 812 qui
2670 707 3208 792 Porismatum

444 843 953 926 mentionem
987 841 1379 938 fecerunt,
1420 838 1701 918 saltem
1739 840 1885 945 qui
1924 868 2014 919 ea
2048 841 2327 947 aliquo
2364 843 2614 923 modo
2651 845 3042 951 explicare
3067 875 3206 929 co-

444 980 615 1059 nati
654 980 867 1062 sunt.
940 981 1041 1056 Et
1078 975 1453 1082 quamvis
1494 975 1619 1054 vir
1656 975 1939 1058 clarifl'.
1976 976 2248 1057 David
2287 981 2733 1088 Gregorius
2772 982 2861 1060 in
2896 986 3208 1088 praefa-

446 1118 665 1198 tione
702 1116 841 1194 sua
879 1112 1237 1192 Euclidis
1277 1111 1681 1217 Operibus
1721 1112 2070 1217 praefixa
2105 1136 2328 1195 ratus
2375 1117 2622 1196 fuerit
2674 1123 2728 1159 “
2766 1147 2936 1200 non
2983 1121 3202 1200 diffi-

447 1259 501 1296 “
553 1253 705 1332 cile
742 1251 1123 1330 futurum
1157 1249 1593 1329 Porismata
1632 1251 2246 1354 quodammodo
2281 1252 2715 1355 restituere,
2754 1256 2902 1335 ubi
2940 1278 3202 1349 textus

446 1396 501 1432 “
552 1393 921 1500 Graecus
960 1387 1205 1492 Pappi
1244 1387 1510 1467 lucem
1547 1385 2013 1490 aspexerit,”
2054 1409 2329 1468 tamen
2367 1393 2670 1498 collega
2707 1391 2875 1497 ejus
2914 1394 3200 1478 doctis·

444 1527 691 1606 sunus
728 1524 1129 1623 HalleiuS,
1181 1522 1579 1631 Gregorio
1628 1523 1715 1600 in
1763 1540 2129 1604 veterum
2175 1526 2645 1607 Geometria
2691 1557 2860 1608 non
2905 1561 3202 1638 parum

448 1663 977 1761 exercitatior,
1042 1662 1215 1766 post
1261 1661 1574 1739 editum
1610 1688 1657 1738 a
1694 1660 1767 1738 se
1804 1681 2118 1740 textum
2153 1663 2565 1743 Graecum
2603 1689 3010 1770 quantum
3045 1701 3196 1776 po-

446 1803 602 1884 tuit
641 1799 1193 1896 emendatum,
1261 1797 1609 1904 ingenue
1648 1798 1893 1902 Pappi
1934 1799 2470 1918 Porismatum
2516 1802 3034 1910 descriptioni
3078 1808 3198 1887 se-
3315 1883 3320 1894 ,

448 1937 780 2046 quentia
841 1935 1289 2042 subjungit,
1371 1938 1427 1975 “
1478 1935 1899 2014 Hactenus
1963 1937 2500 2019 Porifinatum
2560 1940 2986 2046 descriptio
3047 1973 3196 2026 nec

451 2084 505 2120 ‘⁶
556 2076 764 2154 mihi
804 2100 947 2152 nec
987 2072 1260 2152 le&ori
1312 2071 1765 2176 profutura,
1838 2100 2101 2179 neque
2149 2075 2380 2153 aliter
2427 2075 2601 2155 fieri
2647 2078 2950 2183 potuit:
3026 2059 3202 2163 tam

450 2220 507 2256 “
556 2213 665 2293 ob
704 2210 1112 2290 defefium
1149 2208 1573 2288 schematis
1622 2209 1850 2314 cujus
1887 2207 1982 2290 fit
2017 2213 2371 2309 mentio;
2443 2215 2666 2294 unde
2710 2211 2968 2296 reciae
3007 2217 3193 2299 satis

448 2357 504 2394 “
556 2349 887 2445 multae,
962 2346 1061 2426 de
1092 2346 1411 2452 'quibus
1456 2331 1592 2426 hic
1642 2347 1941 2454 agitur,
2018 2347 2318 2454 absque
2366 2351 2581 2430 notis
2639 2351 3196 2456 alphabeticiS,

450 2495 504 2532 “
555 2487 821 2566 ullove
858 2483 1015 2562 alio
1056 2482 1591 2562 distinctionis
1640 2483 2094 2564 charactere
2141 2486 2350 2567 inter
2398 2487 2475 2567 se
2521 2481 3192 2572 confunduntur:

449 2631 509 2676 “
556 2650 810 2730 quam
845 2621 953 2701 ob
992 2617 1271 2698 omiffa
1309 2619 1711 2726 quaedam
1748 2641 1825 2699 et
1871 2621 2367 2726 transposita,
2433 2627 2558 2705 vel
2607 2627 2838 2706 aliter
2883 2627 3193 2729 vitiata,

448 2767 507 2804 ‘⁶
554 2761 644 2840 in
678 2755 1241 2867 propofitionis
1277 2758 1667 2866 generalis
1707 2755 2237 2863 expolitione3
2311 2759 2533 2841 unde
2581 2763 2784 2868 quid
2817 2762 2966 2844 fibi
3002 2767 3198 2844 velit

452 2904 506 2943 “
556 2900 872 3003 Pappus
906 2895 1133 2975 haud
1166 2893 1377 2991 mihi
1414 2894 1699 2974 datum
1736 2895 1845 2974 est
1880 2895 2292 3000 conjicere.
2381 2895 2625 2979 Hisce
2660 2900 2865 2979 adde
2899 2899 3196 2982 difflo-

450 3041 508 3078 “
558 3035 687 3114 nis
724 3033 1071 3114 modum
1104 3032 1351 3112 nimis
1388 3034 1927 3133 contractum,
1960 3060 2048 3112 ac
2087 3033 2176 3112 in
2210 3060 2296 3112 re
2331 3033 2965 3142 difficilisqualis
2997 3037 3192 3120 haec

452 3175 509 3216 “
556 3173 695 3271 est,
744 3170 1089 3250 minime
1122 3164 1759 3274 usurpandum.''

584 3309 1017 3415 Postquam
1052 3333 1240 3386 vero
1280 3305 1499 3412 apud
1540 3309 1911 3410 Pappum
1958 3307 2310 3415 legeram
2356 3306 2791 3388 Porismata
2828 3309 3190 3392 Euclidis

454 3446 1006 3526 collectionem
1051 3441 1283 3522 fuisse
1346 3439 2064 3523 artificiosissimam
2123 3444 2575 3523 multarum
2620 3472 2922 3544 rerum,
2989 3474 3196 3552 quae

450 3583 805 3690 speciant
865 3581 969 3662 ad
1031 3575 1389 3688 analysm
1450 3577 2003 3686 difficiliorum
2052 3599 2132 3658 et
2175 3581 2676 3688 generalium
2729 3585 3192 3686 problema-

450 3741 659 3820 tum,
721 3745 1027 3828 magno
1073 3715 1457 3798 desiderio
1502 3717 1861 3816 tenebar,
1926 3715 2242 3822 aliquid
2287 3718 2388 3797 de
2446 3718 2545 3798 iis
2601 3719 3186 3828 cognoscendi;

448 3885 697 3964 quare
732 3856 1040 3962 saepius
1080 3876 1158 3935 et
1206 3854 1487 3934 multis
1533 3853 1941 3960 variisque
1990 3853 2144 3934 viis
2194 3874 2376 3933 tum
2421 3856 2669 3960 Pappi
2718 3857 3191 3963 propofitio-

449 4021 639 4074 nem
674 3995 1160 4102 generalem,
1200 4018 1580 4072 mancam
1616 4013 1695 4070 et
1728 3990 2318 4098 imperfectam,
2355 4013 2538 4072 tum
2575 3992 2940 4098 primum
2978 3997 3193 4091 lib.i,

447 4130 828 4230 Porisma,
879 4129 1131 4238 quod,
1194 4150 1290 4208 ut
1322 4128 1643 4208 dietum
1686 4127 1878 4227 fuit,
1930 4128 2194 4207 solum
2241 4155 2334 4208 ex
2381 4129 2765 4210 omnibus
2804 4131 2892 4210 in
2929 4133 3192 4213 tribus

448 4267 677 4348 libris
735 4267 1151 4378 integrum
1197 4265 1461 4346 adhuc
1510 4286 1815 4366 manet,
1880 4265 2324 4372 intelligere
2373 4288 2450 4346 et
2494 4266 2900 4347 restituere
2947 4296 3192 4349 cona-

446 4405 634 4510 bar3
708 4405 1002 4488 frustra
1037 4426 1339 4518 tamen,
1390 4403 1601 4484 nihil
1636 4403 1860 4486 enim
1894 4399 2446 4516 proficiebam.
2555 4405 2927 4513 Cumque
2963 4405 3190 4515 cogi-
