4109 5609
856 412 1016 496 330
1477 379 1663 461 DE
1762 373 2998 461 PORISMA²TIBUS.'

847 601 1345 700 veniendum
1378 598 1571 699 fuit,
1619 618 1699 679 et
1730 597 1938 680 ratio
1970 597 2133 678 AG
2170 597 2275 680 ad
2309 595 2476 678 GK
2511 623 2602 677 ea
2637 621 2846 702 quae
2891 591 3084 672 data
3129 590 3294 675 fuit
3337 594 3602 676 osten-

850 741 1142 828 denda.
1210 736 1637 845 Apumffis
1672 735 1895 816 enim
1927 737 2032 837 A,
2063 737 2134 814 E

851 899 1273 984 utcunque
1332 875 1436 953 ad
1484 871 2130 954 circumferenti-

856 1043 997 1098 am
1026 1012 1552 1094 inflectantur
1585 1012 1748 1109 AF,
1788 1011 1941 1109 EF,
1980 1009 2134 1088 erit

850 1152 1059 1238 ratio
1092 1153 1227 1232 AF
1263 1149 1368 1229 ad
1402 1149 1555 1247 FE,
1604 1146 1889 1226 eadem
1928 1145 2133 1226 rati-

854 1289 997 1372 oni
1042 1289 1203 1369 AG
1254 1286 1359 1368 ad
1408 1284 1607 1366 GK.
1662 1353 1667 1358 .
1724 1285 2136 1392 Jungatur

856 1427 1029 1526 FG,
1050 1446 1138 1506 et
1163 1423 1557 1532 quoniam
1578 1421 1771 1519 AG,
1800 1421 1993 1519 GK,
2022 1416 2130 1497 fi-

856 1591 958 1644 ve
990 1563 1164 1660 GF,
1200 1581 1279 1640 et
1313 1561 1467 1640 GE
1500 1558 1686 1638 sunt
1722 1556 2130 1663 proporti-

606 1733 637 1776 ι
664 1734 723 1798 6.
757 1735 818 1798 6.
858 1701 1160 1800 onales,
1236 1695 1776 1804 aequiangula
1820 1714 2061 1775 erunt
2095 1683 2134 1739 b

859 1839 1109 1938 GAF,
1149 1835 1359 1914 GFE
1392 1831 1801 1939 triangula
1832 1864 1855 1931 ;
1924 1851 2021 1910 ut
2054 1829 2132 1910 i·-

858 1975 1086 2088 gitur
1128 1974 1263 2053 AF
1310 1971 1416 2050 ad
1460 1971 1616 2069 FE,
1664 1968 1779 2048 ita
1825 1967 1935 2047 est
1978 1967 2140 2047 AG
2187 1968 2292 2049 ad
2337 1967 2508 2070 GF,
2560 1973 2714 2052 hoc
2763 1971 2875 2053 est
2919 1971 3026 2050 ad
3069 1971 3260 2054 GK.

1000 2113 1097 2192 In
1130 2109 1285 2190 hoc
1310 2105 1743 2188 Porismate
1776 2107 2185 2212 punctum
2209 2107 2276 2186 E
2310 2105 2600 2186 datum
2636 2109 3250 2209 ostendendum,
3283 2105 3442 2188 five
3475 2101 3610 2186 in-

862 2245 1360 2330 veniendum
1394 2244 1585 2344 fuit,
1636 2243 2111 2323 innumerae
2157 2264 2434 2322 autem
2477 2247 2740 2326 rectae
2783 2272 2992 2352 quae
3037 2273 3086 2323 a
3131 2245 3456 2350 punctis
3503 2246 3606 2342 A,

862 2387 933 2468 E
970 2385 1074 2465 ad
1108 2379 1847 2465 circumferentiam
1881 2375 2188 2462 infleffi
2223 2376 2573 2486 poffunt,
2623 2381 2965 2462 eandem
2999 2381 3304 2462 habent
3337 2380 3614 2462 relati·
3649 2423 3654 2426 ·

867 2549 1115 2603 onem
1148 2519 1255 2599 ad
1287 2519 1591 2625 punem
1620 2519 1727 2616 A,
1766 2517 1836 2596 E
1872 2537 1949 2596 et
1984 2515 2749 2603 circumferentiam.
2817 2519 3300 2600 Communis
3339 2540 3614 2599 autem

866 2655 1209 2755 affectio,
1264 2645 1517 2762 quam
1560 2652 1775 2733 hisce
1818 2652 2055 2734 rectis
2103 2653 2532 2735 convenire
2580 2654 3204 2736 demonstranda
3245 2655 3440 2756 fuit,
3505 2637 3615 2734 est

866 2795 1097 2894 haee,
1126 2790 1286 2876 viz.
1320 2792 1577 2871 tetstas
1611 2817 1743 2870 eas
1778 2789 2058 2868 datam
2091 2789 2304 2871 inter
2335 2791 2412 2871 se
2445 2791 2742 2873 habere
2777 2792 3205 2893 rationem,
3246 2819 3456 2899 quae
3478 2819 3614 2871 ra-

870 2932 991 3014 tio
1026 2929 1273 3012 etiam
1306 2925 1795 3008 invenienda
1828 2925 2016 3009 fuit.

1008 3065 1406 3148 Conversa
1431 3063 1671 3168 hujus
1696 3061 2156 3144 Porismatis
2181 3063 2290 3143 est
2311 3063 2576 3146 Locus
2605 3066 2752 3173 qui
2777 3065 3125 3148 habetur
3155 3064 3246 3143 in
3279 3067 3514 3171 Prop.
3539 3090 3612 3147 2.
3633 3081 3648 3095 ’

871 3203 1057 3287 Lib.
1100 3229 1173 3288 2.
1210 3205 1618 3283 Locorum
1652 3201 2092 3280 planorum
2123 3201 2567 3306 Apollonii,
2617 3228 2713 3282 ex
2760 3231 2926 3310 quo
2970 3201 3306 3309 sequens
3341 3201 3618 3282 Theo-

870 3367 1095 3421 rema
1128 3339 1417 3420 Locale
1452 3333 1668 3435 fluit,
1716 3336 1874 3419 viz,
1944 3337 2028 3416 Si
2069 3365 2114 3416 a
2161 3340 2468 3443 puncto
2512 3339 2590 3416 A
2634 3339 2741 3418 ad
2788 3361 3160 3420 centrum
3203 3339 3289 3418 G
3335 3337 3618 3419 circuli

870 3479 1085 3562 BCD
1120 3476 1468 3558 ducatur
1506 3474 1721 3555 reeta
1752 3473 1945 3572 AG,
1995 3495 2074 3553 et
2119 3471 2266 3580 ipfi
2307 3474 2471 3556 AG
2517 3496 2596 3554 et
2641 3475 3234 3557 semidiametro
3279 3475 3446 3554 GK
3480 3475 3618 3554 su-

871 3635 1149 3694 matur
1172 3612 1406 3693 tertia
1428 3609 2047 3716 proportionalis
2075 3611 2230 3690 GE
2253 3613 2460 3717 quae
2493 3611 2583 3690 in
2616 3616 2832 3694 reeta
2855 3613 3018 3693 GA
3051 3633 3406 3718 ponatur
3433 3637 3616 3691 ver-

870 3749 1001 3832 sus
1037 3769 1300 3857 partes
1336 3749 1439 3848 A,
1490 3746 1593 3827 ab
1628 3744 1813 3852 ipfis
1852 3753 2124 3826 autem
2158 3748 2264 3848 A,
2303 3749 2369 3826 E
2402 3748 2744 3856 punctis·
2765 3747 3285 3832 inflectantur
3313 3769 3619 3829 utcun-
3753 3773 3766 3784 ·

872 3915 1035 3994 que
1079 3887 1187 3968 ad
1230 3883 1969 3966 circumferentiam
2014 3885 2276 3965 redae
2313 3887 2478 3986 AF,
2519 3885 2671 3984 EF,
2719 3887 3145 3967 habebunt
3189 3913 3323 3965 eae
3365 3885 3619 3964 ratio-

872 4051 1067 4103 nem
1104 4021 1443 4104 eandem
1475 4020 1773 4101 rationi
1804 4021 1965 4100 AG
2002 4019 2108 4103 ad
2143 4022 2333 4105 GK.
2403 4022 2486 4102 Si
2533 4047 2722 4102 vero
2765 4052 2862 4103 ex
2905 4019 3327 4132 hypothesi
3370 4021 3620 4127 hujus

872 4159 1431 4241 Theorematis
1469 4157 1883 4239 auferatur
1916 4185 2006 4238 ea
2039 4185 2224 4264 pars
2272 4186 2481 4266 quae
2525 4159 2760 4241 docet
2803 4187 2969 4267 qua
3017 4159 3146 4240 via
3191 4159 3618 4238 invenien-

871 4296 1079 4396 dum
1114 4296 1222 4376 est
1255 4298 1659 4404 punctum
1704 4295 1799 4396 E,
1850 4317 1931 4377 et
1974 4321 2182 4403 quae
2225 4292 2323 4375 fit
2363 4289 2572 4375 ratio
2615 4291 3079 4401 ductarum,
3127 4295 3616 4400 mutabitur,

872 4455 967 4516 ut
998 4456 1245 4544 patet,
1296 4432 1751 4518 Theorema
1783 4433 1875 4515 in
1904 4431 2388 4544 praecedens
2423 4431 2802 4524 Porisma.
