4109 5609
818 389 1067 494 ,με
1505 387 1715 466 -nn
1812 383 3118 476 PoR13MAT1BU3..

934 649 947 660 ·
1040 605 1161 682 Ex
1195 604 1349 683 hoc
1386 604 1635 683 etiam
1668 605 2035 709 exemplo
2073 622 2292 708 patet
2315 603 2574 682 Locos
2611 603 2860 682 etiam
2883 601 3222 682 deficere
3246 600 3680 711 hypothefi

900 767 951 818 a
982 741 1521 820 Theoremate
1551 740 1884 821 Locali..
1926 740 2011 818 Si
2047 739 2274 817 enim
2306 717 2770 845 hypothefis
2809 737 3357 844 praecedentis
3395 741 3682 819 Theo-

896 878 1229 955 rematis
1266 875 1583 956 Localis
1620 877 1735 954 ita
1769 876 2288 954 diminuatur
2319 895 2417 953 ut
2451 875 2664 954 nihil
2700 876 2804 955 de
2851 875 3158 955 circulo
3192 875 3283 954 in
3316 901 3410 955 ea
3445 875 3686 956 dice·-

898 1033 1151 1112 netur,
1200 1010 1337 1092 sed
1370 1013 1527 1092 hoc
1562 1033 1922 1110 tantum,
1961 1011 2124 1092 viz.
2183 1011 2269 1089 Si
2316 1037 2460 1115 per
2493 1011 2786 1092 datum
2821 1013 3230 1116 punctum
3265 1014 3332 1090 E
3365 1033 3684 1123 utcun-

904 1175 1065 1256 que
1112 1149 1461 1228 ducatur
1504 1152 1719 1229 recta
1781 1148 1994 1227 linea
2043 1147 2258 1225 FEG
2303 1145 2536 1250 cujus
2585 1149 2788 1227 alter
2833 1149 3232 1228 terminus
3281 1149 3340 1226 F
3385 1167 3688 1256 tangat

836 1331 845 1342 ·
904 1287 1211 1366 renam
1247 1282 1631 1389 positione
1666 1282 1975 1385 datam,
2024 1283 2437 1388 fueritque
2471 1283 3045 1392 reetangulum
3091 1286 3246 1382 FE,
3286 1284 3438 1363 EG
3483 1285 3690 1364 dato

844 1489 854 1504 ,
902 1421 1160 1528 spatio
1196 1423 1553 1528 aequale,
1605 1440 1685 1499 et
1729 1441 2234 1526 proponatur
2277 1419 2644 1500 invenire
2679 1421 2984 1500 lineam
3021 1448 3278 1527 quam
3310 1421 3686 1527 reliquus

906 1558 1307 1638 terminus
1360 1559 1443 1636 G
1482 1577 1790 1664 tanget,
1840 1577 2060 1662 patet
2095 1556 2550 1635 Theorema
2571 1555 2754 1662 jam
2787 1556 2878 1636 in
2922 1558 3242 1636 Locum
3287 1557 3686 1638 converti.

884 1667 1160 1774 ‘Unde
1195 1697 1513 1803 pappus
1550 1691 1794 1797 hujus
1830 1693 2148 1800 generis
2183 1691 2751 1792 Porismatum,
2801 1693 2938 1772 cui
2973 1693 3273 1804 scniqet
3304 1693 3684 1774 definitio

798 1869 803 1874 ·
898 1830 1335 1940 j-uniorum
1370 1830 1779 1930 convenit,
1830 1831 2089 1908 Locos
2125 1827 2338 1934 ipsos
2373 1827 2718 1940 speciem
2752 1826 2904 1910 effe
2937 1827 3315 1913 affirmat.

1934 2037 2435 2184 PROP.
2574 2101 2675 2183 II.

918 2382 979 2422 “
1026 2379 1333 2456 DATO
1384 2378 1719 2482 punctu,
1762 2373 2124 2480 'datoque
2169 2371 2558 2480 positione
2603 2395 2680 2454 et
2715 2375 3290 2484 magnitudine
3323 2374 3672 2476 circu103

922 2518 981 2562 ‘⁶
1030 2512 1091 2592 fi
1123 2541 1229 2618 a.
1256 2515 1545 2619 quovis
1615 2512 1707 2591 in
1764 2511 2421 2594 circumferentia
2491 2513 2798 2618 puncto
2867 2511 3215 2596 ducatur
3281 2515 3502 2594 recia
3571 2514 3678 2594 ad

925 2655 985 2710 5‘
1034 2651 1439 2756 punctum
1475 2650 1795 2750 datum,
1845 2648 2136 2727 datum
2171 2647 2322 2728 erit
2357 2649 2582 2728 aliud
2627 2650 3034 2753 punctum
3077 2647 3184 2728 ad
3217 2648 3445 2756 quod
3475 2646 3538 2729 fi
3571 2649 3682 2730 ab.

926 2789 983 2838 ‘⁶
1034 2787 1319 2866 eodem
1378 2785 1467 2865 in
1529 2783 2182 2866 circumferentia
2241 2786 2548 2890 punsto
2589 2783 2956 2864 ducatur
2997 2787 3214 2866 recia
3257 2785 3502 2886 linea,
3575 2785 3681 2867 ad

922 2927 982 2972 ‘³‘
1032 2923 1247 3004 hanc
1285 2921 1555 3028 primo
1591 2920 1837 3002 ducta
1872 2908 2152 3000 datam
2185 2919 2522 3002 habebit
2555 2919 3032 3003 rationem.”

1060 3197 1181 3276 Sit
1215 3195 1507 3277 datum
1541 3198 1945 3312 punctum
1976 3197 2085 3294 A,
2125 3215 2206 3274 et
2249 3195 2601 3278 circulus
2637 3195 2877 3276 datus
2911 3191 3010 3276 fit
3043 3196 3301 3294 BCD;
3361 3215 3444 3275 et
3477 3215 3687 3302 puta.

924 3331 1279 3412 Porisma
1321 3360 1611 3412 verum
1656 3331 1833 3433 effe,
1892 3351 1971 3412 et
2017 3333 2423 3437 punctum
2469 3335 2536 3413 E
2580 3333 2677 3412 fit
2723 3332 2930 3412 illud
2976 3333 3201 3440 quod
3247 3331 3678 3412 invenien-

921 3468 1130 3548 dum
1162 3471 1299 3550 est.
1402 3469 1489 3550 Si
1522 3469 1777 3578 igitur
1808 3497 1859 3550 a
1905 3470 2212 3575 puncto
2259 3469 2550 3576 quovis
2587 3472 2644 3549 F
2679 3469 2772 3548 in
2817 3467 3472 3550 circumferentia
3517 3467 3678 3548 du-

920 3627 1212 3686 cantur
1245 3608 1407 3706 FA,
1448 3607 1603 3705 FE,
1653 3607 1843 3686 data
1878 3605 2058 3705 erit,
2098 3632 2194 3687 ex
2228 3604 2678 3714 hypothesi,
2729 3606 2934 3686 ratio
2971 3633 3226 3714 quam
3260 3605 3508 3686 habet
3539 3605 3678 3684 AF
3707 3587 3722 3604 ⁸

922 3741 1029 3820 ad
1074 3743 1225 3823 FE.
1328 3743 1739 3850 Jungatur
1779 3743 1955 3844 ΑΕ,
2026 3763 2108 3822 et
2151 3743 2259 3822 ad
2302 3743 2562 3850 ipsam
2607 3741 3094 3848 productam
3136 3743 3488 3823 ducatur
3535 3739 3678 3822 FG

924 3904 1133 3984 quae
1168 3878 1415 3959 faciat
1450 3881 1853 3990 angulum
1887 3879 2098 3960 EFG
2133 3880 2554 3987 aequalem
2587 3875 2736 3986 ipfi
2769 3878 3011 3978 EAF;
3077 3878 3476 3986 quoniam
3509 3875 3674 3986 igi-

922 4035 1060 4098 tur
1094 4016 1635 4125 aequiangula
1668 4016 1859 4097 sunt
1890 4017 2140 4116 GAF,
2179 4017 2394 4098 GFE
2427 4016 2865 4126 triangula,
2913 4038 3012 4096 ut
3041 4019 3180 4096 AF
3215 4015 3321 4096 ad
3355 4013 3510 4114 FE,
3559 4012 3676 4093 ita

921 4152 1075 4232 erit
1106 4153 1269 4232 AG
1304 4153 1411 4237 ad
1444 4153 1617 4253 GF,
1646 4174 1726 4234 et
1750 4153 1895 4234 GF
1928 4150 2037 4234 a'd
2070 4154 2267 4253 GE;
2306 4153 2943 4262 proportionales
2978 4151 3237 4260 igitur
3268 4149 3458 4240 sunt
3478 4149 3671 4249 AG,

486 4321 703 4386 ‘aem
724 4289 1091 4389 20.⁶.GF‚
1131 4290 1314 4390 GE,
1364 4317 1615 4396 quare
1641 4300 1670 4337 ²
1693 4310 1789 4371 ut
1823 4291 2323 4397 quadratum
2357 4319 2452 4372 ex
2482 4289 2646 4370 AG
2679 4289 2806 4374 ad,
2834 4289 3334 4397 quadratum
3367 4315 3474 4406 ex?
3495 4287 3670 4385 GF,
3805 4291 3818 4302 ‘

912 4427 1030 4512 ita
1065 4429 1175 4510 est
1208 4427 1424 4511 reeta
1454 4427 1619 4509 AG
1654 4426 1759 4510 ad
1790 4426 2051 4537 ipsam
2084 4427 2238 4510 GE
2253 4461 2280 4530 3
2351 4427 2572 4510 unde
2603 4446 2684 4509 et
2718 4425 3217 4534 quadratum
3253 4451 3348 4508 ex
3381 4425 3516 4506 AF
3561 4395 3690 4505 est*
