<?xml version="1.0" encoding="UTF-8"?>
<!DOCTYPE html PUBLIC "-//W3C//DTD XHTML 1.0 Transitional//EN"
    "http://www.w3.org/TR/xhtml1/DTD/xhtml1-transitional.dtd">
<html xmlns="http://www.w3.org/1999/xhtml" xml:lang="en" lang="en">
 <head>
  <title>
</title>
<meta http-equiv="Content-Type" content="text/html;charset=utf-8" />
  <meta name='ocr-system' content='tesseract 3.04.00' />
  <meta name='ocr-capabilities' content='ocr_page ocr_carea ocr_par ocr_line ocrx_word'/>
</head>
<body>
  <div class='ocr_page' id='page_1' title='image "./robertisimsonmd00unkngoog_0346.png"; bbox 0 0 4109 5609; ppageno 0'>
   <div class='ocr_carea' id='block_1_1' title="bbox 836 381 2790 496">
    <p class='ocr_par' dir='ltr' id='par_1_1' title="bbox 836 381 2790 496">
     <span class='ocr_line' id='line_1_1' title="bbox 836 381 2790 496; baseline -0.002 -27"><span class='ocrx_word' id='word_1_1' title='bbox 836 387 991 496; x_wconf 86' lang='lat'>318</span> <span class='ocrx_word' id='word_1_2' title='bbox 1602 381 2790 476; x_wconf 78' lang='lat' dir='ltr'>PRAEFATIO.</span> 
     </span>
    </p>
   </div>
   <div class='ocr_carea' id='block_1_2' title="bbox 806 601 3672 4552">
    <p class='ocr_par' dir='ltr' id='par_1_2' title="bbox 806 601 3672 4276">
     <span class='ocr_line' id='line_1_2' title="bbox 970 601 3662 702; baseline 0 -16"><span class='ocrx_word' id='word_1_3' title='bbox 970 605 1150 688; x_wconf 89' lang='lat' dir='ltr'>Post</span> <span class='ocrx_word' id='word_1_4' title='bbox 1185 603 1637 684; x_wconf 87' lang='lat' dir='ltr'>Girardum</span> <span class='ocrx_word' id='word_1_5' title='bbox 1674 603 1957 681; x_wconf 87' lang='lat' dir='ltr'>Ismael</span> <span class='ocrx_word' id='word_1_6' title='bbox 1992 601 2476 702; x_wconf 87' lang='lat' dir='ltr'>Bullialdus‚</span> <span class='ocrx_word' id='word_1_7' title='bbox 2505 601 2596 680; x_wconf 93' lang='lat' dir='ltr'>in</span> <span class='ocrx_word' id='word_1_8' title='bbox 2633 601 3222 684; x_wconf 85' lang='lat' dir='ltr'>Exercitatione</span> <span class='ocrx_word' id='word_1_9' title='bbox 3255 603 3396 684; x_wconf 91' lang='lat' dir='ltr'>sua</span> <span class='ocrx_word' id='word_1_10' title='bbox 3423 604 3594 686; x_wconf 82' lang='lat' dir='ltr'>Ge-</span> <span class='ocrx_word' id='word_1_11' title='bbox 3649 655 3662 662; x_wconf 91' lang='lat'><strong>·</strong></span> 
     </span>
     <span class='ocr_line' id='line_1_3' title="bbox 838 739 3599 847; baseline -0 -23"><span class='ocrx_word' id='word_1_12' title='bbox 838 743 1228 824; x_wconf 87' lang='lat' dir='ltr'>ometrica</span> <span class='ocrx_word' id='word_1_13' title='bbox 1260 741 1524 840; x_wconf 83' lang='lat' dir='ltr'>tertia,</span> <span class='ocrx_word' id='word_1_14' title='bbox 1576 767 1813 847; x_wconf 91' lang='lat' dir='ltr'>quae,</span> <span class='ocrx_word' id='word_1_15' title='bbox 1860 767 2031 818; x_wconf 90' lang='lat' dir='ltr'>una</span> <span class='ocrx_word' id='word_1_16' title='bbox 2079 767 2273 818; x_wconf 91' lang='lat' dir='ltr'>cum</span> <span class='ocrx_word' id='word_1_17' title='bbox 2319 739 2642 820; x_wconf 88' lang='lat' dir='ltr'>duabus</span> <span class='ocrx_word' id='word_1_18' title='bbox 2678 739 3120 845; x_wconf 86' lang='lat' dir='ltr'>prioribus,</span> <span class='ocrx_word' id='word_1_19' title='bbox 3171 741 3390 822; x_wconf 90' lang='lat' dir='ltr'>edita</span> <span class='ocrx_word' id='word_1_20' title='bbox 3433 744 3599 824; x_wconf 77' lang='lat' dir='ltr'>fuit</span> 
     </span>
     <span class='ocr_line' id='line_1_4' title="bbox 840 875 3600 988; baseline -0.001 -26"><span class='ocrx_word' id='word_1_21' title='bbox 840 879 1148 962; x_wconf 83' lang='lat' dir='ltr'>Parifiis</span> <span class='ocrx_word' id='word_1_22' title='bbox 1186 907 1402 957; x_wconf 90' lang='lat' dir='ltr'>anno</span> <span class='ocrx_word' id='word_1_23' title='bbox 1464 877 1701 988; x_wconf 83' lang='lat'>1667,</span> <span class='ocrx_word' id='word_1_24' title='bbox 1767 897 2105 956; x_wconf 88' lang='lat' dir='ltr'>conatus</span> <span class='ocrx_word' id='word_1_25' title='bbox 2153 877 2264 955; x_wconf 89' lang='lat' dir='ltr'>est</span> <span class='ocrx_word' id='word_1_26' title='bbox 2307 875 2748 956; x_wconf 89' lang='lat' dir='ltr'>Porismata</span> <span class='ocrx_word' id='word_1_27' title='bbox 2793 878 3238 983; x_wconf 81' lang='lat' dir='ltr'>explicare3</span> <span class='ocrx_word' id='word_1_28' title='bbox 3309 905 3600 960; x_wconf 83' lang='lat' dir='ltr'>verum</span> 
     </span>
     <span class='ocr_line' id='line_1_5' title="bbox 842 1013 3599 1126; baseline -0.001 -28"><span class='ocrx_word' id='word_1_29' title='bbox 842 1017 1221 1126; x_wconf 85' lang='lat' dir='ltr'>quamvis</span> <span class='ocrx_word' id='word_1_30' title='bbox 1256 1016 1665 1122; x_wconf 86' lang='lat' dir='ltr'>quaedam</span> <span class='ocrx_word' id='word_1_31' title='bbox 1701 1013 1801 1093; x_wconf 89' lang='lat' dir='ltr'>de</span> <span class='ocrx_word' id='word_1_32' title='bbox 1836 1014 1934 1094; x_wconf 91' lang='lat' dir='ltr'>iis</span> <span class='ocrx_word' id='word_1_33' title='bbox 1972 1043 2021 1092; x_wconf 89' lang='lat' dir='ltr'>a</span> <span class='ocrx_word' id='word_1_34' title='bbox 2045 1013 2444 1093; x_wconf 88' lang='lat' dir='ltr'>Fermatio</span> <span class='ocrx_word' id='word_1_35' title='bbox 2467 1034 2905 1119; x_wconf 87' lang='lat' dir='ltr'>acceperat,</span> <span class='ocrx_word' id='word_1_36' title='bbox 2935 1015 3133 1094; x_wconf 88' lang='lat' dir='ltr'>citat</span> <span class='ocrx_word' id='word_1_37' title='bbox 3167 1015 3389 1094; x_wconf 90' lang='lat' dir='ltr'>enim</span> <span class='ocrx_word' id='word_1_38' title='bbox 3419 1043 3599 1096; x_wconf 87' lang='lat' dir='ltr'>ver-</span> 
     </span>
     <span class='ocr_line' id='line_1_6' title="bbox 842 1151 3606 1258; baseline -0.001 -24"><span class='ocrx_word' id='word_1_39' title='bbox 842 1157 953 1234; x_wconf 85' lang='lat' dir='ltr'>ba</span> <span class='ocrx_word' id='word_1_40' title='bbox 986 1152 1392 1253; x_wconf 89' lang='lat' dir='ltr'>Fermatii,</span> <span class='ocrx_word' id='word_1_41' title='bbox 1418 1180 1630 1258; x_wconf 89' lang='lat' dir='ltr'>quae</span> <span class='ocrx_word' id='word_1_42' title='bbox 1665 1152 1930 1257; x_wconf 91' lang='lat' dir='ltr'>postea</span> <span class='ocrx_word' id='word_1_43' title='bbox 1964 1151 2054 1230; x_wconf 90' lang='lat' dir='ltr'>in</span> <span class='ocrx_word' id='word_1_44' title='bbox 2087 1171 2471 1232; x_wconf 86' lang='lat' dir='ltr'>renovata</span> <span class='ocrx_word' id='word_1_45' title='bbox 2504 1151 3045 1232; x_wconf 88' lang='lat' dir='ltr'>Porismatum</span> <span class='ocrx_word' id='word_1_46' title='bbox 3079 1152 3452 1233; x_wconf 65' lang='lat' dir='ltr'>doeh-ina</span> <span class='ocrx_word' id='word_1_47' title='bbox 3477 1153 3606 1232; x_wconf 84' lang='lat' dir='ltr'>in-</span> 
     </span>
     <span class='ocr_line' id='line_1_7' title="bbox 845 1287 3600 1398; baseline -0.001 -26"><span class='ocrx_word' id='word_1_48' title='bbox 845 1314 967 1372; x_wconf 85' lang='lat' dir='ltr'>ter</span> <span class='ocrx_word' id='word_1_49' title='bbox 1002 1319 1243 1396; x_wconf 88' lang='lat' dir='ltr'>opera</span> <span class='ocrx_word' id='word_1_50' title='bbox 1278 1290 1445 1396; x_wconf 89' lang='lat' dir='ltr'>ejus</span> <span class='ocrx_word' id='word_1_51' title='bbox 1480 1289 1706 1368; x_wconf 81' lang='lat' dir='ltr'>varia</span> <span class='ocrx_word' id='word_1_52' title='bbox 1752 1287 2334 1367; x_wconf 88' lang='lat' dir='ltr'>mathematica</span> <span class='ocrx_word' id='word_1_53' title='bbox 2378 1287 2712 1367; x_wconf 87' lang='lat' dir='ltr'>Tolosae</span> <span class='ocrx_word' id='word_1_54' title='bbox 2746 1314 2964 1366; x_wconf 90' lang='lat' dir='ltr'>anno</span> <span class='ocrx_word' id='word_1_55' title='bbox 3014 1288 3219 1398; x_wconf 87' lang='lat'>1679</span> <span class='ocrx_word' id='word_1_56' title='bbox 3258 1288 3600 1395; x_wconf 88' lang='lat' dir='ltr'>impres·-</span> 
     </span>
     <span class='ocr_line' id='line_1_8' title="bbox 844 1424 3600 1531; baseline -0.001 -23"><span class='ocrx_word' id='word_1_57' title='bbox 844 1430 930 1508; x_wconf 85' lang='lat' dir='ltr'>sa</span> <span class='ocrx_word' id='word_1_58' title='bbox 962 1429 1299 1508; x_wconf 87' lang='lat' dir='ltr'>fuerunt</span> <span class='ocrx_word' id='word_1_59' title='bbox 1329 1461 1351 1525; x_wconf 85' lang='lat'>3</span> <span class='ocrx_word' id='word_1_60' title='bbox 1417 1453 1508 1505; x_wconf 90' lang='lat' dir='ltr'>ea</span> <span class='ocrx_word' id='word_1_61' title='bbox 1543 1447 1817 1504; x_wconf 90' lang='lat' dir='ltr'>tamen</span> <span class='ocrx_word' id='word_1_62' title='bbox 1854 1424 2304 1504; x_wconf 88' lang='lat' dir='ltr'>Bullialdus</span> <span class='ocrx_word' id='word_1_63' title='bbox 2341 1425 2687 1504; x_wconf 88' lang='lat' dir='ltr'>enodare</span> <span class='ocrx_word' id='word_1_64' title='bbox 2719 1425 3064 1504; x_wconf 90' lang='lat' dir='ltr'>minime</span> <span class='ocrx_word' id='word_1_65' title='bbox 3098 1426 3396 1531; x_wconf 86' lang='lat' dir='ltr'>potuit.</span> <span class='ocrx_word' id='word_1_66' title='bbox 3503 1427 3600 1505; x_wconf 92' lang='lat' dir='ltr'>In</span> 
     </span>
     <span class='ocr_line' id='line_1_9' title="bbox 848 1561 3600 1668; baseline -0.001 -22"><span class='ocrx_word' id='word_1_67' title='bbox 848 1567 1005 1646; x_wconf 89' lang='lat' dir='ltr'>hoc</span> <span class='ocrx_word' id='word_1_68' title='bbox 1043 1586 1317 1644; x_wconf 90' lang='lat' dir='ltr'>autem</span> <span class='ocrx_word' id='word_1_69' title='bbox 1364 1563 1741 1642; x_wconf 88' lang='lat' dir='ltr'>Fermatii</span> <span class='ocrx_word' id='word_1_70' title='bbox 1788 1562 2026 1661; x_wconf 82' lang='lat' dir='ltr'><strong>libre,</strong></span> <span class='ocrx_word' id='word_1_71' title='bbox 2103 1561 2249 1667; x_wconf 91' lang='lat' dir='ltr'>qui</span> <span class='ocrx_word' id='word_1_72' title='bbox 2296 1562 2472 1666; x_wconf 91' lang='lat' dir='ltr'>post</span> <span class='ocrx_word' id='word_1_73' title='bbox 2515 1582 2864 1641; x_wconf 89' lang='lat' dir='ltr'>mortem</span> <span class='ocrx_word' id='word_1_74' title='bbox 2901 1561 3068 1668; x_wconf 91' lang='lat' dir='ltr'>ejus</span> <span class='ocrx_word' id='word_1_75' title='bbox 3105 1561 3370 1643; x_wconf 88' lang='lat' dir='ltr'>editus</span> <span class='ocrx_word' id='word_1_76' title='bbox 3405 1562 3600 1662; x_wconf 88' lang='lat' dir='ltr'>fuit,</span> 
     </span>
     <span class='ocr_line' id='line_1_10' title="bbox 849 1698 3607 1807; baseline -0.001 -25"><span class='ocrx_word' id='word_1_77' title='bbox 849 1703 1259 1782; x_wconf 82' lang='lat' dir='ltr'><strong>habentur</strong></span> <span class='ocrx_word' id='word_1_78' title='bbox 1294 1702 1667 1807; x_wconf 87' lang='lat' dir='ltr'>paucula,</span> <span class='ocrx_word' id='word_1_79' title='bbox 1732 1699 1893 1799; x_wconf 87' lang='lat' dir='ltr'>sed,</span> <span class='ocrx_word' id='word_1_80' title='bbox 1955 1721 2051 1779; x_wconf 92' lang='lat' dir='ltr'>ut</span> <span class='ocrx_word' id='word_1_81' title='bbox 2087 1699 2438 1797; x_wconf 81' lang='lat' dir='ltr'>videtur,</span> <span class='ocrx_word' id='word_1_82' title='bbox 2501 1698 2783 1778; x_wconf 89' lang='lat' dir='ltr'>omnia</span> <span class='ocrx_word' id='word_1_83' title='bbox 2831 1726 3039 1805; x_wconf 88' lang='lat' dir='ltr'>quae</span> <span class='ocrx_word' id='word_1_84' title='bbox 3074 1700 3175 1779; x_wconf 89' lang='lat' dir='ltr'>de</span> <span class='ocrx_word' id='word_1_85' title='bbox 3206 1700 3607 1780; x_wconf 85' lang='lat' dir='ltr'>Porisma-</span> 
     </span>
     <span class='ocr_line' id='line_1_11' title="bbox 850 1833 3606 1942; baseline -0.001 -22"><span class='ocrx_word' id='word_1_86' title='bbox 850 1861 1036 1920; x_wconf 89' lang='lat' dir='ltr'>tum</span> <span class='ocrx_word' id='word_1_87' title='bbox 1072 1838 1441 1920; x_wconf 60' lang='lat' dir='ltr'>doctrina</span> <span class='ocrx_word' id='word_1_88' title='bbox 1475 1837 1790 1942; x_wconf 87' lang='lat' dir='ltr'>scriptis</span> <span class='ocrx_word' id='word_1_89' title='bbox 1828 1835 2294 1918; x_wconf 87' lang='lat' dir='ltr'><strong>tradiderat.</strong></span> <span class='ocrx_word' id='word_1_90' title='bbox 2389 1837 2508 1913; x_wconf 82' lang='lat' dir='ltr'>Ex</span> <span class='ocrx_word' id='word_1_91' title='bbox 2545 1833 2848 1942; x_wconf 88' lang='lat' dir='ltr'>quibus</span> <span class='ocrx_word' id='word_1_92' title='bbox 2885 1859 3214 1942; x_wconf 85' lang='lat' dir='ltr'>apparet</span> <span class='ocrx_word' id='word_1_93' title='bbox 3247 1837 3392 1916; x_wconf 92' lang='lat' dir='ltr'>soli</span> <span class='ocrx_word' id='word_1_94' title='bbox 3427 1837 3606 1916; x_wconf 84' lang='lat' dir='ltr'>viro</span> 
     </span>
     <span class='ocr_line' id='line_1_12' title="bbox 850 1971 3610 2085; baseline -0.001 -29"><span class='ocrx_word' id='word_1_95' title='bbox 850 1977 1048 2058; x_wconf 91' lang='lat' dir='ltr'>huic</span> <span class='ocrx_word' id='word_1_96' title='bbox 1087 1973 1580 2085; x_wconf 87' lang='lat' dir='ltr'>sagaciflimo</span> <span class='ocrx_word' id='word_1_97' title='bbox 1617 1972 1929 2080; x_wconf 86' lang='lat' dir='ltr'>aliquid</span> <span class='ocrx_word' id='word_1_98' title='bbox 1965 1971 2066 2052; x_wconf 94' lang='lat' dir='ltr'>de</span> <span class='ocrx_word' id='word_1_99' title='bbox 2101 2000 2386 2052; x_wconf 88' lang='lat' dir='ltr'>eorum</span> <span class='ocrx_word' id='word_1_100' title='bbox 2419 1994 2714 2052; x_wconf 90' lang='lat' dir='ltr'>natura</span> <span class='ocrx_word' id='word_1_101' title='bbox 2745 2000 2796 2074; x_wconf 78' lang='lat' dir='ltr'>a</span> <span class='ocrx_word' id='word_1_102' title='bbox 2823 1995 3184 2080; x_wconf 88' lang='lat' dir='ltr'>tempore</span> <span class='ocrx_word' id='word_1_103' title='bbox 3210 2002 3377 2080; x_wconf 91' lang='lat' dir='ltr'>quo</span> <span class='ocrx_word' id='word_1_104' title='bbox 3403 1973 3610 2053; x_wconf 83' lang='lat' dir='ltr'>vixit</span> 
     </span>
     <span class='ocr_line' id='line_1_13' title="bbox 856 2110 3608 2220; baseline -0.001 -26"><span class='ocrx_word' id='word_1_105' title='bbox 856 2119 1175 2220; x_wconf 85' lang='lat' dir='ltr'>Pappus</span> <span class='ocrx_word' id='word_1_106' title='bbox 1236 2110 1691 2193; x_wconf 74' lang='lat' dir='ltr'>innotuisse.</span> <span class='ocrx_word' id='word_1_107' title='bbox 1804 2113 2019 2190; x_wconf 89' lang='lat' dir='ltr'>Cum</span> <span class='ocrx_word' id='word_1_108' title='bbox 2081 2131 2358 2189; x_wconf 90' lang='lat' dir='ltr'>autem</span> <span class='ocrx_word' id='word_1_109' title='bbox 2413 2110 2766 2190; x_wconf 82' lang='lat' dir='ltr'>fateatur</span> <span class='ocrx_word' id='word_1_110' title='bbox 2800 2111 2877 2188; x_wconf 87' lang='lat' dir='ltr'>se</span> <span class='ocrx_word' id='word_1_111' title='bbox 2921 2111 3013 2190; x_wconf 89' lang='lat' dir='ltr'>in</span> <span class='ocrx_word' id='word_1_112' title='bbox 3047 2111 3328 2190; x_wconf 87' lang='lat' dir='ltr'>abdita</span> <span class='ocrx_word' id='word_1_113' title='bbox 3363 2111 3608 2216; x_wconf 85' lang='lat' dir='ltr'>hujus</span> 
     </span>
     <span class='ocr_line' id='line_1_14' title="bbox 857 2245 3612 2355; baseline -0.001 -25"><span class='ocrx_word' id='word_1_114' title='bbox 857 2251 1239 2332; x_wconf 88' lang='lat' dir='ltr'>materiae</span> <span class='ocrx_word' id='word_1_115' title='bbox 1276 2245 1707 2355; x_wconf 85' lang='lat' dir='ltr'>penetraffe</span> <span class='ocrx_word' id='word_1_116' title='bbox 1742 2249 1971 2331; x_wconf 87' lang='lat' dir='ltr'>nullo</span> <span class='ocrx_word' id='word_1_117' title='bbox 2004 2247 2170 2326; x_wconf 90' lang='lat' dir='ltr'>fere</span> <span class='ocrx_word' id='word_1_118' title='bbox 2206 2247 2364 2327; x_wconf 90' lang='lat' dir='ltr'>alio</span> <span class='ocrx_word' id='word_1_119' title='bbox 2399 2247 2702 2327; x_wconf 87' lang='lat' dir='ltr'>auxilio</span> <span class='ocrx_word' id='word_1_120' title='bbox 2738 2275 2992 2354; x_wconf 90' lang='lat' dir='ltr'>quam</span> <span class='ocrx_word' id='word_1_121' title='bbox 3027 2275 3120 2328; x_wconf 89' lang='lat' dir='ltr'>eo</span> <span class='ocrx_word' id='word_1_122' title='bbox 3157 2249 3384 2354; x_wconf 92' lang='lat' dir='ltr'>quod</span> <span class='ocrx_word' id='word_1_123' title='bbox 3417 2250 3612 2329; x_wconf 88' lang='lat' dir='ltr'>sub-</span> 
     </span>
     <span class='ocr_line' id='line_1_15' title="bbox 862 2383 3612 2494; baseline -0.001 -28"><span class='ocrx_word' id='word_1_124' title='bbox 862 2387 1427 2466; x_wconf 87' lang='lat' dir='ltr'>ministrarunt</span> <span class='ocrx_word' id='word_1_125' title='bbox 1460 2386 1709 2464; x_wconf 85' lang='lat' dir='ltr'>verba</span> <span class='ocrx_word' id='word_1_126' title='bbox 1740 2385 2070 2465; x_wconf 85' lang='lat' dir='ltr'>vitiosae</span> <span class='ocrx_word' id='word_1_127' title='bbox 2115 2383 2613 2464; x_wconf 83' lang='lat' dir='ltr'>definitionis</span> <span class='ocrx_word' id='word_1_128' title='bbox 2661 2413 2918 2494; x_wconf 87' lang='lat' dir='ltr'>quam</span> <span class='ocrx_word' id='word_1_129' title='bbox 2959 2385 3420 2465; x_wconf 87' lang='lat' dir='ltr'>Porismatis</span> <span class='ocrx_word' id='word_1_130' title='bbox 3467 2387 3612 2464; x_wconf 91' lang='lat' dir='ltr'>de-</span> 
     </span>
     <span class='ocr_line' id='line_1_16' title="bbox 860 2521 3615 2629; baseline -0 -26"><span class='ocrx_word' id='word_1_131' title='bbox 860 2523 1059 2604; x_wconf 83' lang='lat' dir='ltr'>diffe</span> <span class='ocrx_word' id='word_1_132' title='bbox 1089 2524 1455 2629; x_wconf 88' lang='lat' dir='ltr'>juniores</span> <span class='ocrx_word' id='word_1_133' title='bbox 1502 2523 1978 2603; x_wconf 87' lang='lat' dir='ltr'>Geometras</span> <span class='ocrx_word' id='word_1_134' title='bbox 2026 2521 2318 2600; x_wconf 91' lang='lat' dir='ltr'>merito</span> <span class='ocrx_word' id='word_1_135' title='bbox 2355 2521 2628 2627; x_wconf 89' lang='lat' dir='ltr'>culpat</span> <span class='ocrx_word' id='word_1_136' title='bbox 2665 2525 3008 2628; x_wconf 88' lang='lat' dir='ltr'>Pappus,</span> <span class='ocrx_word' id='word_1_137' title='bbox 3056 2522 3413 2602; x_wconf 86' lang='lat' dir='ltr'>Porisma</span> <span class='ocrx_word' id='word_1_138' title='bbox 3459 2522 3615 2604; x_wconf 90' lang='lat' dir='ltr'>sci-</span> 
     </span>
     <span class='ocr_line' id='line_1_17' title="bbox 865 2637 3618 2768; baseline -0 -28"><span class='ocrx_word' id='word_1_139' title='bbox 865 2661 1051 2742; x_wconf 90' lang='lat' dir='ltr'>licet</span> <span class='ocrx_word' id='word_1_140' title='bbox 1087 2659 1235 2740; x_wconf 84' lang='lat' dir='ltr'>effe</span> <span class='ocrx_word' id='word_1_141' title='bbox 1280 2660 1505 2768; x_wconf 91' lang='lat' dir='ltr'>quod</span> <span class='ocrx_word' id='word_1_142' title='bbox 1553 2657 1970 2767; x_wconf 84' lang='lat' dir='ltr'>hypothefi</span> <span class='ocrx_word' id='word_1_143' title='bbox 2017 2637 2372 2738; x_wconf 52' lang='lat' dir='ltr'>deficit&#39;a</span> <span class='ocrx_word' id='word_1_144' title='bbox 2407 2658 2900 2738; x_wconf 87' lang='lat' dir='ltr'>theoremate</span> <span class='ocrx_word' id='word_1_145' title='bbox 2947 2659 3224 2757; x_wconf 84' lang='lat' dir='ltr'>locali3</span> <span class='ocrx_word' id='word_1_146' title='bbox 3301 2681 3618 2739; x_wconf 89' lang='lat' dir='ltr'>certum</span> 
     </span>
     <span class='ocr_line' id='line_1_18' title="bbox 862 2791 3618 2905; baseline -0.001 -26"><span class='ocrx_word' id='word_1_147' title='bbox 862 2799 976 2880; x_wconf 91' lang='lat' dir='ltr'>est</span> <span class='ocrx_word' id='word_1_148' title='bbox 1010 2826 1199 2878; x_wconf 90' lang='lat' dir='ltr'>eum</span> <span class='ocrx_word' id='word_1_149' title='bbox 1235 2796 1440 2905; x_wconf 92' lang='lat' dir='ltr'>quid</span> <span class='ocrx_word' id='word_1_150' title='bbox 1474 2793 1630 2876; x_wconf 90' lang='lat' dir='ltr'>fint</span> <span class='ocrx_word' id='word_1_151' title='bbox 1666 2795 2100 2877; x_wconf 88' lang='lat' dir='ltr'>Porismata</span> <span class='ocrx_word' id='word_1_152' title='bbox 2137 2823 2306 2873; x_wconf 92' lang='lat' dir='ltr'>non</span> <span class='ocrx_word' id='word_1_153' title='bbox 2330 2794 2516 2874; x_wconf 87' lang='lat' dir='ltr'>satis</span> <span class='ocrx_word' id='word_1_154' title='bbox 2540 2793 3034 2879; x_wconf 53' lang='lat' dir='ltr'>intellexiffess</span> <span class='ocrx_word' id='word_1_155' title='bbox 3098 2791 3428 2876; x_wconf 87' lang='lat' dir='ltr'>Etenim</span> <span class='ocrx_word' id='word_1_156' title='bbox 3451 2798 3618 2876; x_wconf 85' lang='lat' dir='ltr'>mi·-</span> 
     </span>
     <span class='ocr_line' id='line_1_19' title="bbox 862 2930 3672 3033; baseline -0 -16"><span class='ocrx_word' id='word_1_157' title='bbox 862 2937 1089 3017; x_wconf 84' lang='lat' dir='ltr'>nime</span> <span class='ocrx_word' id='word_1_158' title='bbox 1123 2937 1333 3016; x_wconf 73' lang='grc' dir='ltr'>Γεᾶὶε</span> <span class='ocrx_word' id='word_1_159' title='bbox 1368 2932 1719 3013; x_wconf 86' lang='lat' dir='ltr'>affirmat</span> <span class='ocrx_word' id='word_1_160' title='bbox 1752 2933 2197 3012; x_wconf 88' lang='lat' dir='ltr'>Fermatius</span> <span class='ocrx_word' id='word_1_161' title='bbox 2243 2930 2806 3012; x_wconf 89' lang='lat' dir='ltr'>definitionem</span> <span class='ocrx_word' id='word_1_162' title='bbox 2849 2933 3094 3033; x_wconf 86' lang='lat' dir='ltr'>hane,</span> <span class='ocrx_word' id='word_1_163' title='bbox 3155 2933 3618 3016; x_wconf 86' lang='lat' dir='ltr'>Porismatis</span> <span class='ocrx_word' id='word_1_164' title='bbox 3661 2987 3672 2998; x_wconf 92' lang='lat'><strong>·</strong></span> 
     </span>
     <span class='ocr_line' id='line_1_20' title="bbox 865 3067 3620 3177; baseline -0.001 -23"><span class='ocrx_word' id='word_1_165' title='bbox 865 3095 1247 3154; x_wconf 87' lang='lat' dir='ltr'>naturam</span> <span class='ocrx_word' id='word_1_166' title='bbox 1282 3069 1643 3177; x_wconf 88' lang='lat' dir='ltr'>specifice</span> <span class='ocrx_word' id='word_1_167' title='bbox 1676 3070 2048 3170; x_wconf 87' lang='lat' dir='ltr'>revelare,</span> <span class='ocrx_word' id='word_1_168' title='bbox 2092 3096 2284 3148; x_wconf 90' lang='lat' dir='ltr'>cum</span> <span class='ocrx_word' id='word_1_169' title='bbox 2309 3067 2740 3149; x_wconf 88' lang='lat' dir='ltr'>innumera</span> <span class='ocrx_word' id='word_1_170' title='bbox 2762 3067 2916 3148; x_wconf 89' lang='lat' dir='ltr'>fint</span> <span class='ocrx_word' id='word_1_171' title='bbox 2941 3069 3380 3150; x_wconf 87' lang='lat' dir='ltr'>Porismata</span> <span class='ocrx_word' id='word_1_172' title='bbox 3410 3099 3620 3177; x_wconf 88' lang='lat' dir='ltr'>quae</span> 
     </span>
     <span class='ocr_line' id='line_1_21' title="bbox 866 3205 3617 3314; baseline -0 -24"><span class='ocrx_word' id='word_1_173' title='bbox 866 3239 965 3290; x_wconf 85' lang='lat' dir='ltr'>ex</span> <span class='ocrx_word' id='word_1_174' title='bbox 998 3209 1493 3292; x_wconf 89' lang='lat' dir='ltr'>theoremate</span> <span class='ocrx_word' id='word_1_175' title='bbox 1526 3207 1759 3288; x_wconf 90' lang='lat' dir='ltr'>locali</span> <span class='ocrx_word' id='word_1_176' title='bbox 1794 3207 2025 3287; x_wconf 90' lang='lat' dir='ltr'>nullo</span> <span class='ocrx_word' id='word_1_177' title='bbox 2060 3205 2309 3286; x_wconf 90' lang='lat' dir='ltr'>modo</span> <span class='ocrx_word' id='word_1_178' title='bbox 2345 3207 2729 3312; x_wconf 88' lang='lat' dir='ltr'>pendent,</span> <span class='ocrx_word' id='word_1_179' title='bbox 2781 3206 3158 3314; x_wconf 86' lang='lat' dir='ltr'>nihilque</span> <span class='ocrx_word' id='word_1_180' title='bbox 3191 3233 3386 3288; x_wconf 89' lang='lat' dir='ltr'>cum</span> <span class='ocrx_word' id='word_1_181' title='bbox 3420 3209 3617 3290; x_wconf 90' lang='lat' dir='ltr'>locis</span> 
     </span>
     <span class='ocr_line' id='line_1_22' title="bbox 869 3343 3623 3450; baseline -0.001 -24"><span class='ocrx_word' id='word_1_182' title='bbox 869 3347 1177 3427; x_wconf 85' lang='lat' dir='ltr'>habent</span> <span class='ocrx_word' id='word_1_183' title='bbox 1237 3372 1700 3427; x_wconf 88' lang='lat' dir='ltr'>commune.</span> <span class='ocrx_word' id='word_1_184' title='bbox 1803 3343 2213 3423; x_wconf 86' lang='lat' dir='ltr'>Promittit</span> <span class='ocrx_word' id='word_1_185' title='bbox 2264 3343 2602 3450; x_wconf 90' lang='lat' dir='ltr'>quidem</span> <span class='ocrx_word' id='word_1_186' title='bbox 2650 3345 3126 3444; x_wconf 75' lang='lat' dir='ltr'>FermatiuS,</span> <span class='ocrx_word' id='word_1_187' title='bbox 3199 3345 3289 3424; x_wconf 91' lang='lat' dir='ltr'>in</span> <span class='ocrx_word' id='word_1_188' title='bbox 3334 3345 3623 3426; x_wconf 87' lang='lat' dir='ltr'>eodem</span> 
     </span>
     <span class='ocr_line' id='line_1_23' title="bbox 870 3463 3622 3589; baseline -0.001 -24"><span class='ocrx_word' id='word_1_189' title='bbox 870 3483 1193 3589; x_wconf 86' lang='lat' dir='ltr'>scripto,</span> <span class='ocrx_word' id='word_1_190' title='bbox 1265 3484 1342 3563; x_wconf 93' lang='lat' dir='ltr'>se</span> <span class='ocrx_word' id='word_1_191' title='bbox 1388 3503 1598 3562; x_wconf 90' lang='lat' dir='ltr'>totos</span> <span class='ocrx_word' id='word_1_192' title='bbox 1646 3463 1805 3560; x_wconf 80' lang='lat' dir='ltr'>tres</span> <span class='ocrx_word' id='word_1_193' title='bbox 1852 3479 2388 3560; x_wconf 88' lang='lat' dir='ltr'>Porismatum</span> <span class='ocrx_word' id='word_1_194' title='bbox 2422 3480 2670 3560; x_wconf 92' lang='lat' dir='ltr'>libros</span> <span class='ocrx_word' id='word_1_195' title='bbox 2717 3481 3160 3587; x_wconf 88' lang='lat' dir='ltr'>aliquando</span> <span class='ocrx_word' id='word_1_196' title='bbox 3203 3479 3622 3562; x_wconf 85' lang='lat' dir='ltr'>restitutu-</span> 
     </span>
     <span class='ocr_line' id='line_1_24' title="bbox 870 3599 3618 3729; baseline -0.001 -27"><span class='ocrx_word' id='word_1_197' title='bbox 870 3649 1090 3720; x_wconf 78' lang='lat' dir='ltr'>rum,</span> <span class='ocrx_word' id='word_1_198' title='bbox 1156 3642 1233 3700; x_wconf 76' lang='lat' dir='ltr'>et</span> <span class='ocrx_word' id='word_1_199' title='bbox 1271 3599 1427 3698; x_wconf 71' lang='lat' dir='ltr'>aiia</span> <span class='ocrx_word' id='word_1_200' title='bbox 1459 3618 1871 3717; x_wconf 69' lang='lat' dir='ltr'>mirabilia</span> <span class='ocrx_word' id='word_1_201' title='bbox 1902 3638 1982 3697; x_wconf 75' lang='lat' dir='ltr'>et</span> <span class='ocrx_word' id='word_1_202' title='bbox 2026 3617 2310 3726; x_wconf 75' lang='lat' dir='ltr'>ignota</span> <span class='ocrx_word' id='word_1_203' title='bbox 2359 3609 2594 3721; x_wconf 75' lang='lat' dir='ltr'>(sunt</span> <span class='ocrx_word' id='word_1_204' title='bbox 2627 3614 2871 3722; x_wconf 84' lang='lat' dir='ltr'>ipfius</span> <span class='ocrx_word' id='word_1_205' title='bbox 2907 3617 3202 3729; x_wconf 79' lang='lat' dir='ltr'>verba)</span> <span class='ocrx_word' id='word_1_206' title='bbox 3253 3619 3618 3700; x_wconf 66' lang='lat' dir='ltr'>detean-</span> 
     </span>
     <span class='ocr_line' id='line_1_25' title="bbox 870 3753 3621 3855; baseline -0.001 -17"><span class='ocrx_word' id='word_1_207' title='bbox 870 3784 1113 3854; x_wconf 89' lang='lat' dir='ltr'>rum;</span> <span class='ocrx_word' id='word_1_208' title='bbox 1186 3783 1475 3836; x_wconf 87' lang='lat' dir='ltr'>verum</span> <span class='ocrx_word' id='word_1_209' title='bbox 1508 3755 1757 3835; x_wconf 81' lang='lat' dir='ltr'>nimis</span> <span class='ocrx_word' id='word_1_210' title='bbox 1795 3774 2092 3834; x_wconf 86' lang='lat' dir='ltr'>temere</span> <span class='ocrx_word' id='word_1_211' title='bbox 2128 3754 2322 3836; x_wconf 89' lang='lat' dir='ltr'>haec</span> <span class='ocrx_word' id='word_1_212' title='bbox 2357 3753 2579 3836; x_wconf 65' lang='lat' dir='ltr'>dieta</span> <span class='ocrx_word' id='word_1_213' title='bbox 2612 3755 2828 3855; x_wconf 86' lang='lat' dir='ltr'>sunt,</span> <span class='ocrx_word' id='word_1_214' title='bbox 2878 3755 3141 3835; x_wconf 86' lang='lat' dir='ltr'>multa</span> <span class='ocrx_word' id='word_1_215' title='bbox 3175 3755 3398 3836; x_wconf 89' lang='lat' dir='ltr'>enim</span> <span class='ocrx_word' id='word_1_216' title='bbox 3431 3756 3621 3836; x_wconf 87' lang='lat' dir='ltr'>sunt</span> 
     </span>
     <span class='ocr_line' id='line_1_26' title="bbox 872 3892 3622 4002; baseline -0.001 -25"><span class='ocrx_word' id='word_1_217' title='bbox 872 3893 1235 3977; x_wconf 87' lang='lat' dir='ltr'>Euclidis</span> <span class='ocrx_word' id='word_1_218' title='bbox 1270 3893 1707 3974; x_wconf 88' lang='lat' dir='ltr'>Porismata</span> <span class='ocrx_word' id='word_1_219' title='bbox 1742 3919 2098 3999; x_wconf 88' lang='lat' dir='ltr'>quorum</span> <span class='ocrx_word' id='word_1_220' title='bbox 2133 3917 2280 3974; x_wconf 89' lang='lat' dir='ltr'>nec</span> <span class='ocrx_word' id='word_1_221' title='bbox 2317 3894 2502 3972; x_wconf 84' lang='lat' dir='ltr'>vola</span> <span class='ocrx_word' id='word_1_222' title='bbox 2534 3917 2682 3972; x_wconf 91' lang='lat' dir='ltr'>nec</span> <span class='ocrx_word' id='word_1_223' title='bbox 2717 3892 3151 4002; x_wconf 84' lang='lat' dir='ltr'>vestigium</span> <span class='ocrx_word' id='word_1_224' title='bbox 3185 3893 3470 3994; x_wconf 82' lang='lat' dir='ltr'>exstat3</span> <span class='ocrx_word' id='word_1_225' title='bbox 3536 3915 3622 3975; x_wconf 88' lang='lat' dir='ltr'>at</span> 
     </span>
     <span class='ocr_line' id='line_1_27' title="bbox 806 4027 3624 4146; baseline -0.001 -35"><span class='ocrx_word' id='word_1_226' title='bbox 806 4119 815 4128; x_wconf 55' lang='grc'><em>,</em></span> <span class='ocrx_word' id='word_1_227' title='bbox 872 4030 1317 4112; x_wconf 87' lang='lat' dir='ltr'>Fermatius</span> <span class='ocrx_word' id='word_1_228' title='bbox 1366 4059 1468 4111; x_wconf 92' lang='lat' dir='ltr'>ne</span> <span class='ocrx_word' id='word_1_229' title='bbox 1514 4032 1642 4110; x_wconf 84' lang='lat' dir='ltr'>vel</span> <span class='ocrx_word' id='word_1_230' title='bbox 1688 4030 2054 4136; x_wconf 88' lang='lat' dir='ltr'>primum</span> <span class='ocrx_word' id='word_1_231' title='bbox 2100 4030 2348 4135; x_wconf 88' lang='lat' dir='ltr'>primi</span> <span class='ocrx_word' id='word_1_232' title='bbox 2393 4029 2584 4146; x_wconf 83' lang='lat' dir='ltr'>libri</span> <span class='ocrx_word' id='word_1_233' title='bbox 2629 4029 3108 4132; x_wconf 83' lang='lat' dir='ltr'>enucleavit,</span> <span class='ocrx_word' id='word_1_234' title='bbox 3159 4027 3384 4140; x_wconf 90' lang='lat' dir='ltr'>quod</span> <span class='ocrx_word' id='word_1_235' title='bbox 3427 4030 3624 4110; x_wconf 89' lang='lat' dir='ltr'>uni·-</span> 
     </span>
     <span class='ocr_line' id='line_1_28' title="bbox 874 4167 2932 4276; baseline 0 -27"><span class='ocrx_word' id='word_1_236' title='bbox 874 4195 1067 4249; x_wconf 90' lang='lat' dir='ltr'>cum</span> <span class='ocrx_word' id='word_1_237' title='bbox 1102 4167 1519 4276; x_wconf 86' lang='lat' dir='ltr'>integrum</span> <span class='ocrx_word' id='word_1_238' title='bbox 1552 4168 1891 4249; x_wconf 87' lang='lat' dir='ltr'>servavit</span> <span class='ocrx_word' id='word_1_239' title='bbox 1925 4171 2270 4274; x_wconf 77' lang='lat' dir='ltr'>PappuS.</span> <span class='ocrx_word' id='word_1_240' title='bbox 2923 4263 2932 4272; x_wconf 43' lang='grc'><em>,</em></span> 
     </span>
    </p>

    <p class='ocr_par' dir='ltr' id='par_1_3' title="bbox 872 4305 3630 4552">
     <span class='ocr_line' id='line_1_29' title="bbox 1010 4305 3624 4413; baseline -0.001 -29"><span class='ocrx_word' id='word_1_241' title='bbox 1010 4305 1201 4385; x_wconf 90' lang='lat' dir='ltr'>Non</span> <span class='ocrx_word' id='word_1_242' title='bbox 1237 4334 1439 4412; x_wconf 91' lang='lat' dir='ltr'>opus</span> <span class='ocrx_word' id='word_1_243' title='bbox 1478 4306 1589 4385; x_wconf 91' lang='lat' dir='ltr'>est</span> <span class='ocrx_word' id='word_1_244' title='bbox 1620 4305 1913 4388; x_wconf 86' lang='lat' dir='ltr'>referre</span> <span class='ocrx_word' id='word_1_245' title='bbox 1948 4333 2158 4413; x_wconf 89' lang='lat' dir='ltr'>quae</span> <span class='ocrx_word' id='word_1_246' title='bbox 2191 4307 2294 4386; x_wconf 89' lang='lat' dir='ltr'>de</span> <span class='ocrx_word' id='word_1_247' title='bbox 2337 4305 2490 4388; x_wconf 87' lang='lat' dir='ltr'>hac</span> <span class='ocrx_word' id='word_1_248' title='bbox 2526 4334 2610 4387; x_wconf 90' lang='lat' dir='ltr'>re</span> <span class='ocrx_word' id='word_1_249' title='bbox 2657 4305 2902 4387; x_wconf 89' lang='lat' dir='ltr'>habet</span> <span class='ocrx_word' id='word_1_250' title='bbox 2939 4306 3274 4386; x_wconf 90' lang='lat' dir='ltr'>Carolus</span> <span class='ocrx_word' id='word_1_251' title='bbox 3325 4305 3624 4386; x_wconf 86' lang='lat' dir='ltr'>Renal-</span> 
     </span>
     <span class='ocr_line' id='line_1_30' title="bbox 872 4441 3630 4552; baseline -0.004 -22"><span class='ocrx_word' id='word_1_252' title='bbox 872 4442 1119 4530; x_wconf 88' lang='lat' dir='ltr'>dinus</span> <span class='ocrx_word' id='word_1_253' title='bbox 1160 4443 1249 4524; x_wconf 89' lang='lat' dir='ltr'>in</span> <span class='ocrx_word' id='word_1_254' title='bbox 1284 4443 1494 4526; x_wconf 87' lang='lat' dir='ltr'>libro</span> <span class='ocrx_word' id='word_1_255' title='bbox 1529 4443 1671 4524; x_wconf 92' lang='lat' dir='ltr'>suo</span> <span class='ocrx_word' id='word_1_256' title='bbox 1718 4443 1818 4524; x_wconf 87' lang='lat' dir='ltr'>de</span> <span class='ocrx_word' id='word_1_257' title='bbox 1866 4443 2380 4526; x_wconf 87' lang='lat' dir='ltr'>Resolutione</span> <span class='ocrx_word' id='word_1_258' title='bbox 2414 4467 2493 4528; x_wconf 88' lang='lat' dir='ltr'>et</span> <span class='ocrx_word' id='word_1_259' title='bbox 2529 4441 3124 4552; x_wconf 88' lang='lat' dir='ltr'>Compofitione</span> <span class='ocrx_word' id='word_1_260' title='bbox 3160 4441 3630 4524; x_wconf 79' lang='lat' dir='ltr'>Mathema-</span> 
     </span>
    </p>
   </div>
   <div class='ocr_carea' id='block_1_3' title="bbox 4089 4699 4100 5561">
    <p class='ocr_par' dir='ltr' id='par_1_4' title="bbox 4089 4699 4100 5561">
     <span class='ocr_line' id='line_1_31' title="bbox 4089 4699 4100 5561; baseline 0 0"><span class='ocrx_word' id='word_1_261' title='bbox 4089 4699 4100 5561; x_wconf 95' lang='lat' dir='ltr'> </span> 
     </span>
    </p>
   </div>
  </div>
 </body>
</html>
