4109 5609
1139 401 1322 482 DE
1422 398 2627 484 PORISMATIBUS-.
2792 363 2801 378 '
3089 425 3253 510 ³:73

497 644 670 702 tem
707 647 773 704 1.
811 620 1084 725 hujus,
1133 618 1584 727 restanguli
1617 620 1806 719 DN,
1841 619 2022 720 NE,
2070 637 2151 698 et
2182 615 2565 725 quadrati
2599 645 2696 698 ex
2728 618 2904 719 EN,
2942 618 3093 726 qui
3126 645 3263 700 ex-

493 757 748 839 ceffus
797 756 1152 864 aequalis
1198 758 1308 838 est
1351 757 1824 864 redtangulo
1867 757 2043 857 DE,
2092 757 2269 838 EN.
2378 754 2645 864 Igitur
2684 755 3259 865 teetangulum

497 897 692 993 GD,
729 897 868 974 DF
911 894 1024 974 est
1069 895 1173 974 ad
1218 893 1488 1000 ipsum
1532 895 1720 994 HE,
1758 895 1912 994 EF,
1971 913 2071 974 ut
2112 893 2685 1001 redtangulum
2728 895 2917 994 ND,
2953 895 3103 974 DE
3148 892 3257 972 ad

489 1031 764 1138 ipsum
797 1033 972 1131 DE,
1012 1033 1187 1130 EN,
1237 1031 1392 1111 hoc
1430 1029 1540 1112 est
1575 1049 1667 1110 ut
1700 1031 1918 1112 resta
1948 1030 2111 1109 DN
2144 1027 2251 1110 ad
2284 1029 2545 1135 ipsam
2575 1029 2751 1113 NE.

1453 1305 1512 1382 P
1577 1304 1652 1384 R
1723 1303 1798 1381 Ο
1867 1303 1952 1384 Ρ.
2092 1293 2267 1385 XC.

557 1509 792 1624 Qae
827 1508 936 1589 est
971 1507 1322 1587 Porisma
1357 1507 1582 1614 quod
1615 1504 1827 1586 mihi
1860 1505 2281 1612 proposuit
2307 1507 2412 1590 D.
2446 1504 2752 1588 Matth.
2786 1505 3150 1590 stewart.

491 1718 546 1763 “
589 1707 899 1793 DATA
933 1708 1316 1820 pofitione
1341 1712 1555 1792 recita
1577 1711 1751 1810 AB,
1790 1731 1870 1790 et
1895 1707 2199 1794 circulo
2222 1711 2445 1793 OGP
2470 1709 2699 1816 eujus
2727 1731 3101 1794 centrum
3136 1713 3249 1794 est

483 1859 544 1900 “
593 1851 660 1932 C
705 1847 1089 1956 pofitione
1123 1849 1355 1947 dat03
1431 1848 1620 1929 data
1664 1867 1902 1926 erunt
1945 1849 2115 1929 duo
2159 1849 2468 1956 pun-sta
2496 1875 2546 1927 a
2580 1848 2884 1955 quibus
2930 1849 3037 1930 ad
3081 1847 3247 1932 cir-
3397 1835 3407 1848 ’

483 1997 536 2038 “
583 1985 1204 2069 cumferentiam
1239 2005 1659 2092 utcunque
1693 1979 2000 2066 inflexis
2037 1985 2361 2066 duabus
2400 1985 2635 2066 reais
2674 2011 2881 2094 quae
2918 1982 3065 2093 ipfi
3095 1987 3243 2072 AB

480 2126 540 2175 “
565 2143 1043 2222 ,occurrant,
1091 2121 1660 2231 refiangulum
1694 2141 2171 2204 contentum
2200 2122 2630 2232 segmentis
2666 2121 2993 2204 alterius
3028 2121 3243 2204 inter

491 2272 549 2310 “
596 2263 900 2343 redtam
944 2259 1086 2340 AB
1134 2279 1214 2340 et
1259 2257 2000 2340 circumferentiam
2043 2257 2382 2340 habebit
2426 2259 2533 2340 ad
2574 2257 3147 2372 reetangulum
3190 2287 3241 2340 a

485 2398 542 2444 “
588 2396 1017 2509 segmentis
1075 2397 1432 2504 reliquae
1489 2394 1702 2477 inter
1760 2395 2087 2478 easdem
2142 2393 2395 2478 lineas
2450 2394 2853 2478 rationem
2898 2396 3245 2482 eandem

489 2543 544 2582 ‘⁸
587 2535 818 2616 datae
853 2532 1156 2616 rationi
1185 2559 1440 2640 quam
1472 2531 1722 2614 habet
1754 2532 1946 2613 data
1977 2533 2197 2614 reeta
2230 2562 2279 2614 a
2313 2535 2419 2614 ad
2453 2533 2731 2616 datam
2764 2530 2907 2620 b.”

621 2812 826 2889 Puta
859 2805 1213 2887 Porisma
1247 2833 1532 2886 verum
1567 2801 1743 2904 effe,
1793 2825 1872 2885 et
1906 2808 2209 2913 puntsta
2242 2809 2349 2906 D,
2390 2809 2459 2886 E
2493 2835 2583 2888 ea
2618 2805 2769 2889 esse
2802 2835 3012 2915 quae
3046 2807 3237 2890 data

487 2945 661 3026 fore
695 2942 1230 3025 affirmantur.
1321 2939 1644 3023 Inflexis
1679 2940 1933 3050 igitur
1975 2965 2398 3050 utcunque
2442 2944 2549 3025 ad
2593 2944 3243 3026 circumferenti-

489 3109 626 3161 am
669 3081 906 3163 tediis
950 3083 1116 3180 DF,
1167 3079 1294 3157 EF
1337 3105 1547 3186 quae
1591 3075 1737 3183 ipfi
1781 3077 2059 3160 rursus
2098 3079 2191 3160 in
2238 3081 2355 3180 G,
2390 3083 2509 3181 H,
2558 3103 2637 3162 et
2680 3083 2937 3162 rectae
2968 3081 3113 3162 AB
3146 3081 3241 3163 in

488 3218 814 3324 punstis
849 3218 952 3316 Y,
988 3217 1088 3295 M
1123 3235 1590 3314 occurrunt,
1637 3213 1999 3314 habebit,
2048 3243 2147 3294 ex
2177 3215 2632 3324 hypothefi,
2668 3219 3243 3328 reetangulum

487 3355 681 3453 GY,
716 3355 850 3434 YF
883 3353 988 3432 ad
1021 3350 1291 3460 ipsum
1325 3352 1508 3452 FM,
1549 3351 1738 3432 ΜΗ
1772 3350 2171 3430 rationem
2206 3353 2546 3434 eandem
2580 3355 2813 3434 datae
2856 3353 3155 3436 rationi
3190 3383 3241 3436 a.

492 3491 596 3572 ad
627 3491 714 3573 b.
785 3492 1194 3599 Jungatur
1227 3489 1378 3568 EG
1415 3515 1622 3594 quae
1657 3483 1804 3594 ipfi
1835 3490 1977 3568 AB
2015 3511 2383 3604 occurrat
2416 3490 2507 3568 in
2538 3489 2643 3590 L,
2688 3512 2768 3572 et
2801 3490 3243 3574 circumfe-

487 3627 794 3708 rentiae
835 3625 1109 3706 rursus
1145 3625 1236 3703 in
1281 3623 1390 3724 Z;
1465 3613 1861 3730 quonium
1907 3624 2160 3733 igitur
2204 3652 2253 3705 a
2294 3625 2621 3733 pund'tis
2668 3629 2775 3726 D,
2814 3629 2883 3708 E
2928 3627 3033 3708 ad
3077 3629 3241 3710 cir-

489 3763 1112 3855 cumferentiam
1145 3758 1484 3842 inflexae
1517 3762 1705 3842 sunt
1737 3761 1930 3860 DG,
1949 3763 2101 3841 EG
2136 3789 2346 3872 quae
2377 3759 2523 3869 ipfi
2544 3763 2825 3846 rursus
2842 3765 2935 3847 in
2960 3769 3046 3866 F,
3065 3764 3134 3849 Z
3160 3787 3243 3848 et

487 3903 750 3984 reetae
781 3901 926 3979 AB
961 3900 1052 3980 in
1088 3898 1410 4006 punstis
1445 3897 1632 3999 Y,L
1671 3918 2152 3999 occurrunt,¹
2176 3897 2479 4000 rursus,
2507 3927 2603 3980 ex
2624 3898 3073 4008 hypotbefi,
3098 3901 3243 3984 ha-

491 4033 722 4119 bebit
752 4037 936 4138 GY,
971 4039 1104 4115 YF
1137 4034 1704 4144 rectangulum
1739 4035 1843 4114 ad
1875 4035 2143 4140 ipsum
2188 4033 2375 4137 GL,
2412 4036 2553 4120 Lz
2596 4037 3001 4118 rationem
3044 4065 3240 4120 ean·-

489 4174 684 4254 dem
716 4173 1012 4254 rationi
1051 4201 1096 4250 a
1133 4171 1238 4253 ad
1271 4171 1366 4256 b.·
1389 4217 1406 4222 ··
1459 4172 1721 4282 Igitur
1753 4173 2321 4282 tetstangulum
2354 4173 2543 4274 GY,
2582 4171 2714 4253 ΥΕ
2748 4175 2859 4256 est
2892 4174 2997 4255 ad
3029 4179 3242 4256 reet—
3330 4249 3340 4260 .

491 4309 892 4420 angulum
935 4311 1136 4410 FM,
1173 4311 1403 4408 MH,
1451 4330 1548 4390 ut
1593 4308 1814 4391 idem
1859 4309 2059 4408 GY,
2098 4311 2245 4391 YF
2280 4310 2379 4391 ad
2426 4311 2997 4421 reetangulum
3038 4313 3236 4411 GL,

493 4449 660 4549 LZ,
710 4447 938 4558 quod
968 4467 1384 4558 propterea
1420 4448 1748 4557 aequale
1781 4447 1892 4531 est
1923 4445 2071 4554 ipfi
2106 4447 2291 4552 FM,
2329 4447 2543 4531 MH.
2636 4449 2773 4530 Ad
2804 4449 2949 4530 AB
2982 4447 3237 4530 duca-
