<?xml version="1.0" encoding="UTF-8"?>
<!DOCTYPE html PUBLIC "-//W3C//DTD XHTML 1.0 Transitional//EN"
    "http://www.w3.org/TR/xhtml1/DTD/xhtml1-transitional.dtd">
<html xmlns="http://www.w3.org/1999/xhtml" xml:lang="en" lang="en">
 <head>
  <title>
</title>
<meta http-equiv="Content-Type" content="text/html;charset=utf-8" />
  <meta name='ocr-system' content='tesseract 3.04.00' />
  <meta name='ocr-capabilities' content='ocr_page ocr_carea ocr_par ocr_line ocrx_word'/>
</head>
<body>
  <div class='ocr_page' id='page_1' title='image "./robertisimsonmd00unkngoog_0027.png"; bbox 0 0 4109 5609; ppageno 0'>
   <div class='ocr_carea' id='block_1_1' title="bbox 1073 344 3197 435">
    <p class='ocr_par' dir='ltr' id='par_1_1' title="bbox 1073 344 3197 435">
     <span class='ocr_line' id='line_1_1' title="bbox 1073 344 3197 435; baseline 0.002 -6"><span class='ocrx_word' id='word_1_1' title='bbox 1073 344 2582 433; x_wconf 71' lang='lat' dir='ltr'>PRAEFATI&#39;ot·</span> <span class='ocrx_word' id='word_1_2' title='bbox 3081 350 3197 435; x_wconf 72' lang='lat' dir='ltr'>vii</span> 
     </span>
    </p>
   </div>
   <div class='ocr_carea' id='block_1_2' title="bbox 431 558 3210 4507">
    <p class='ocr_par' dir='ltr' id='par_1_2' title="bbox 433 558 3210 2591">
     <span class='ocr_line' id='line_1_2' title="bbox 435 558 3197 673; baseline 0.001 -24"><span class='ocrx_word' id='word_1_3' title='bbox 435 564 1134 649; x_wconf 63' lang='lat' dir='ltr'>termi‘nutibnum</span> <span class='ocrx_word' id='word_1_4' title='bbox 1173 566 1654 673; x_wconf 86' lang='lat' dir='ltr'>Apollonius</span> <span class='ocrx_word' id='word_1_5' title='bbox 1701 567 2085 647; x_wconf 88' lang='lat' dir='ltr'>ultimam</span> <span class='ocrx_word' id='word_1_6' title='bbox 2134 568 2365 649; x_wconf 86' lang='lat' dir='ltr'>suam</span> <span class='ocrx_word' id='word_1_7' title='bbox 2414 569 2771 653; x_wconf 73' lang='lat' dir='ltr'>deducit.</span> <span class='ocrx_word' id='word_1_8' title='bbox 2860 558 3197 653; x_wconf 76' lang='lat' dir='ltr'>Veteres</span> 
     </span>
     <span class='ocr_line' id='line_1_3' title="bbox 433 704 3210 812; baseline 0.002 -29"><span class='ocrx_word' id='word_1_9' title='bbox 433 706 658 784; x_wconf 82' lang='lat' dir='ltr'>enirn</span> <span class='ocrx_word' id='word_1_10' title='bbox 691 704 1028 784; x_wconf 86' lang='lat' dir='ltr'>duabus</span> <span class='ocrx_word' id='word_1_11' title='bbox 1065 704 1878 784; x_wconf 79' lang='lat' dir='ltr'>determinationibus</span> <span class='ocrx_word' id='word_1_12' title='bbox 1917 706 2361 786; x_wconf 82' lang='lat' dir='ltr'>utebantur</span> <span class='ocrx_word' id='word_1_13' title='bbox 2406 734 2759 812; x_wconf 86' lang='lat' dir='ltr'>quarum</span> <span class='ocrx_word' id='word_1_14' title='bbox 2802 708 3049 787; x_wconf 86' lang='lat' dir='ltr'>altera</span> <span class='ocrx_word' id='word_1_15' title='bbox 3096 736 3210 788; x_wconf 78' lang='lat' dir='ltr'>ex-</span> 
     </span>
     <span class='ocr_line' id='line_1_4' title="bbox 433 840 3191 949; baseline 0.002 -29"><span class='ocrx_word' id='word_1_16' title='bbox 433 844 684 923; x_wconf 74' lang='lat' dir='ltr'>altera</span> <span class='ocrx_word' id='word_1_17' title='bbox 729 840 1152 946; x_wconf 77' lang='lat' dir='ltr'>sequitur„</span> <span class='ocrx_word' id='word_1_18' title='bbox 1191 862 1278 921; x_wconf 86' lang='lat' dir='ltr'>et-</span> <span class='ocrx_word' id='word_1_19' title='bbox 1323 868 1672 947; x_wconf 84' lang='lat' dir='ltr'>quarum</span> <span class='ocrx_word' id='word_1_20' title='bbox 1730 840 1995 947; x_wconf 88' lang='lat' dir='ltr'>prima</span> <span class='ocrx_word' id='word_1_21' title='bbox 2045 843 2621 923; x_wconf 64' lang='lat' dir='ltr'>constructioni</span> <span class='ocrx_word' id='word_1_22' title='bbox 2666 844 3191 949; x_wconf 82' lang='lat' dir='ltr'>problematis</span> 
     </span>
     <span class='ocr_line' id='line_1_5' title="bbox 435 976 3193 1085; baseline 0.001 -28"><span class='ocrx_word' id='word_1_23' title='bbox 435 976 868 1058; x_wconf 71' lang='lat' dir='ltr'>necefl‘aria</span> <span class='ocrx_word' id='word_1_24' title='bbox 913 978 1054 1078; x_wconf 88' lang='lat' dir='ltr'>est,</span> <span class='ocrx_word' id='word_1_25' title='bbox 1089 1006 1332 1084; x_wconf 83' lang='lat' dir='ltr'>quae</span> <span class='ocrx_word' id='word_1_26' title='bbox 1380 999 1794 1084; x_wconf 88' lang='lat' dir='ltr'>propterea</span> <span class='ocrx_word' id='word_1_27' title='bbox 1843 976 2400 1083; x_wconf 72' lang='lat' dir='ltr'>compositioni</span> <span class='ocrx_word' id='word_1_28' title='bbox 2446 980 2755 1085; x_wconf 85' lang='lat' dir='ltr'><strong>semper</strong></span> <span class='ocrx_word' id='word_1_29' title='bbox 2801 982 3193 1085; x_wconf 85' lang='lat' dir='ltr'>praemit-</span> 
     </span>
     <span class='ocr_line' id='line_1_6' title="bbox 441 1112 3193 1221; baseline 0.001 -28"><span class='ocrx_word' id='word_1_30' title='bbox 441 1116 697 1215; x_wconf 79' lang='lat' dir='ltr'>titur3</span> <span class='ocrx_word' id='word_1_31' title='bbox 771 1116 1022 1193; x_wconf 89' lang='lat' dir='ltr'>altera</span> <span class='ocrx_word' id='word_1_32' title='bbox 1067 1142 1306 1214; x_wconf 78' lang='lat' dir='ltr'>vcro,</span> <span class='ocrx_word' id='word_1_33' title='bbox 1336 1142 1544 1221; x_wconf 69' lang='lat' dir='ltr'>quae</span> <span class='ocrx_word' id='word_1_34' title='bbox 1589 1112 2247 1221; x_wconf 77' lang='lat' dir='ltr'>compositionem</span> <span class='ocrx_word' id='word_1_35' title='bbox 2294 1116 2683 1221; x_wconf 88' lang='lat' dir='ltr'>sequitur,</span> <span class='ocrx_word' id='word_1_36' title='bbox 2733 1116 3065 1197; x_wconf 84' lang='lat' dir='ltr'>inservit</span> <span class='ocrx_word' id='word_1_37' title='bbox 3098 1144 3193 1197; x_wconf 78' lang='lat' dir='ltr'>ex</span> 
     </span>
     <span class='ocr_line' id='line_1_7' title="bbox 438 1249 3189 1361; baseline 0 -28"><span class='ocrx_word' id='word_1_38' title='bbox 438 1252 544 1333; x_wconf 73' lang='lat' dir='ltr'>fis</span> <span class='ocrx_word' id='word_1_39' title='bbox 607 1279 816 1359; x_wconf 87' lang='lat' dir='ltr'>quae</span> <span class='ocrx_word' id='word_1_40' title='bbox 858 1253 1052 1331; x_wconf 88' lang='lat' dir='ltr'>data</span> <span class='ocrx_word' id='word_1_41' title='bbox 1095 1252 1284 1331; x_wconf 88' lang='lat' dir='ltr'>sunt</span> <span class='ocrx_word' id='word_1_42' title='bbox 1343 1252 1430 1331; x_wconf 90' lang='lat' dir='ltr'>in</span> <span class='ocrx_word' id='word_1_43' title='bbox 1491 1249 1987 1359; x_wconf 84' lang='lat' dir='ltr'>problemate</span> <span class='ocrx_word' id='word_1_44' title='bbox 2044 1253 2315 1331; x_wconf 85' lang='lat' dir='ltr'>statim</span> <span class='ocrx_word' id='word_1_45' title='bbox 2373 1254 2836 1361; x_wconf 85' lang='lat' dir='ltr'>dignoscere</span> <span class='ocrx_word' id='word_1_46' title='bbox 2906 1274 3189 1333; x_wconf 87' lang='lat' dir='ltr'>utrum</span> 
     </span>
     <span class='ocr_line' id='line_1_8' title="bbox 439 1386 3193 1496; baseline 0.001 -27"><span class='ocrx_word' id='word_1_47' title='bbox 439 1388 798 1469; x_wconf 80' lang='lat' dir='ltr'>construi</span> <span class='ocrx_word' id='word_1_48' title='bbox 843 1386 1076 1493; x_wconf 82' lang='lat' dir='ltr'>poffit</span> <span class='ocrx_word' id='word_1_49' title='bbox 1119 1390 1248 1467; x_wconf 85' lang='lat' dir='ltr'>vel</span> <span class='ocrx_word' id='word_1_50' title='bbox 1283 1416 1451 1468; x_wconf 87' lang='lat' dir='ltr'>non</span> <span class='ocrx_word' id='word_1_51' title='bbox 1488 1386 1758 1493; x_wconf 83' lang='lat' dir='ltr'>posfit3</span> <span class='ocrx_word' id='word_1_52' title='bbox 1835 1390 2061 1493; x_wconf 89' lang='lat' dir='ltr'>quod</span> <span class='ocrx_word' id='word_1_53' title='bbox 2108 1388 2445 1495; x_wconf 88' lang='lat' dir='ltr'>quidem</span> <span class='ocrx_word' id='word_1_54' title='bbox 2492 1418 2585 1469; x_wconf 82' lang='lat' dir='ltr'>ex</span> <span class='ocrx_word' id='word_1_55' title='bbox 2621 1390 2886 1496; x_wconf 85' lang='lat' dir='ltr'>prima</span> <span class='ocrx_word' id='word_1_56' title='bbox 2926 1390 3193 1471; x_wconf 84' lang='lat' dir='ltr'>deter-</span> 
     </span>
     <span class='ocr_line' id='line_1_9' title="bbox 437 1522 3191 1633; baseline 0.001 -28"><span class='ocrx_word' id='word_1_57' title='bbox 437 1526 925 1624; x_wconf 87' lang='lat' dir='ltr'>minatione,</span> <span class='ocrx_word' id='word_1_58' title='bbox 975 1526 1104 1604; x_wconf 78' lang='lat' dir='ltr'>vel</span> <span class='ocrx_word' id='word_1_59' title='bbox 1149 1526 1470 1605; x_wconf 74' lang='lat' dir='ltr'>duabus</span> <span class='ocrx_word' id='word_1_60' title='bbox 1519 1524 1834 1629; x_wconf 79' lang='lat' dir='ltr'>primiS,</span> <span class='ocrx_word' id='word_1_61' title='bbox 1883 1522 1941 1603; x_wconf 90' lang='lat' dir='ltr'><strong>fi</strong></span> <span class='ocrx_word' id='word_1_62' title='bbox 1989 1527 2197 1605; x_wconf 87' lang='lat' dir='ltr'>duae</span> <span class='ocrx_word' id='word_1_63' title='bbox 2234 1524 2411 1627; x_wconf 70' lang='lat' dir='ltr'>sint,</span> <span class='ocrx_word' id='word_1_64' title='bbox 2465 1548 2559 1606; x_wconf 90' lang='lat' dir='ltr'>ut</span> <span class='ocrx_word' id='word_1_65' title='bbox 2590 1527 2681 1606; x_wconf 91' lang='lat' dir='ltr'>in</span> <span class='ocrx_word' id='word_1_66' title='bbox 2728 1528 3191 1633; x_wconf 89' lang='lat' dir='ltr'>problema-</span> 
     </span>
     <span class='ocr_line' id='line_1_10' title="bbox 435 1660 3193 1773; baseline 0.001 -30"><span class='ocrx_word' id='word_1_67' title='bbox 435 1662 666 1743; x_wconf 88' lang='lat' dir='ltr'>tibus</span> <span class='ocrx_word' id='word_1_68' title='bbox 703 1663 890 1743; x_wconf 90' lang='lat' dir='ltr'>Lib.</span> <span class='ocrx_word' id='word_1_69' title='bbox 927 1686 1002 1745; x_wconf 87' lang='lat'>2.</span> <span class='ocrx_word' id='word_1_70' title='bbox 1039 1690 1246 1769; x_wconf 87' lang='lat' dir='ltr'>quae</span> <span class='ocrx_word' id='word_1_71' title='bbox 1279 1660 1993 1742; x_wconf 78' lang='lat' dir='ltr'>determinationes</span> <span class='ocrx_word' id='word_1_72' title='bbox 2026 1662 2361 1762; x_wconf 85' lang='lat' dir='ltr'>habent,</span> <span class='ocrx_word' id='word_1_73' title='bbox 2413 1665 2785 1773; x_wconf 84' lang='lat' dir='ltr'>cognosci</span> <span class='ocrx_word' id='word_1_74' title='bbox 2834 1692 3002 1744; x_wconf 89' lang='lat' dir='ltr'>non</span> <span class='ocrx_word' id='word_1_75' title='bbox 3040 1694 3193 1771; x_wconf 76' lang='lat' dir='ltr'>po-</span> 
     </span>
     <span class='ocr_line' id='line_1_11' title="bbox 433 1798 3191 1908; baseline 0.001 -29"><span class='ocrx_word' id='word_1_76' title='bbox 433 1798 618 1899; x_wconf 87' lang='lat' dir='ltr'>test,</span> <span class='ocrx_word' id='word_1_77' title='bbox 671 1798 1146 1906; x_wconf 87' lang='lat' dir='ltr'>priusquam</span> <span class='ocrx_word' id='word_1_78' title='bbox 1193 1799 1300 1878; x_wconf 86' lang='lat' dir='ltr'>ad</span> <span class='ocrx_word' id='word_1_79' title='bbox 1347 1798 1576 1878; x_wconf 82' lang='lat' dir='ltr'>illam</span> <span class='ocrx_word' id='word_1_80' title='bbox 1623 1798 2007 1879; x_wconf 86' lang='lat' dir='ltr'>ultimam</span> <span class='ocrx_word' id='word_1_81' title='bbox 2058 1800 2405 1881; x_wconf 64' lang='lat' dir='ltr'>deducta</span> <span class='ocrx_word' id='word_1_82' title='bbox 2448 1800 2703 1881; x_wconf 81' lang='lat' dir='ltr'>fuerit</span> <span class='ocrx_word' id='word_1_83' title='bbox 2732 1802 2998 1908; x_wconf 85' lang='lat' dir='ltr'>prima</span> <span class='ocrx_word' id='word_1_84' title='bbox 3048 1823 3191 1882; x_wconf 88' lang='lat' dir='ltr'>aut</span> 
     </span>
     <span class='ocr_line' id='line_1_12' title="bbox 435 1932 3189 2043; baseline -0.001 -26"><span class='ocrx_word' id='word_1_85' title='bbox 435 1938 830 2017; x_wconf 85' lang='lat' dir='ltr'>alterutra</span> <span class='ocrx_word' id='word_1_86' title='bbox 873 1962 966 2015; x_wconf 81' lang='lat' dir='ltr'>ex</span> <span class='ocrx_word' id='word_1_87' title='bbox 1000 1934 1292 2041; x_wconf 78' lang='lat' dir='ltr'>primis</span> <span class='ocrx_word' id='word_1_88' title='bbox 1325 1932 1380 2013; x_wconf 85' lang='lat' dir='ltr'>fi</span> <span class='ocrx_word' id='word_1_89' title='bbox 1417 1936 1623 2015; x_wconf 77' lang='lat' dir='ltr'>duae</span> <span class='ocrx_word' id='word_1_90' title='bbox 1658 1936 1992 2018; x_wconf 88' lang='lat' dir='ltr'>fuerint.</span> <span class='ocrx_word' id='word_1_91' title='bbox 2074 1938 2169 2015; x_wconf 84' lang='lat' dir='ltr'>In</span> <span class='ocrx_word' id='word_1_92' title='bbox 2205 1938 2845 2042; x_wconf 83' lang='lat' dir='ltr'>problematibus</span> <span class='ocrx_word' id='word_1_93' title='bbox 2880 1936 3189 2043; x_wconf 80' lang='lat' dir='ltr'>fimpli-</span> 
     </span>
     <span class='ocr_line' id='line_1_13' title="bbox 435 2071 3191 2177; baseline -0 -23"><span class='ocrx_word' id='word_1_94' title='bbox 435 2072 800 2155; x_wconf 84' lang='lat' dir='ltr'>eioribus</span> <span class='ocrx_word' id='word_1_95' title='bbox 837 2072 988 2151; x_wconf 89' lang='lat' dir='ltr'>hae</span> <span class='ocrx_word' id='word_1_96' title='bbox 1033 2072 1300 2177; x_wconf 83' lang='lat' dir='ltr'>prima</span> <span class='ocrx_word' id='word_1_97' title='bbox 1343 2072 1639 2153; x_wconf 87' lang='lat' dir='ltr'>scilicet</span> <span class='ocrx_word' id='word_1_98' title='bbox 1683 2092 1761 2152; x_wconf 90' lang='lat' dir='ltr'>et</span> <span class='ocrx_word' id='word_1_99' title='bbox 1795 2071 2091 2152; x_wconf 89' lang='lat' dir='ltr'>ultima</span> <span class='ocrx_word' id='word_1_100' title='bbox 2136 2074 2224 2152; x_wconf 90' lang='lat' dir='ltr'>in</span> <span class='ocrx_word' id='word_1_101' title='bbox 2262 2073 2595 2153; x_wconf 89' lang='lat' dir='ltr'>unicam</span> <span class='ocrx_word' id='word_1_102' title='bbox 2630 2073 3191 2153; x_wconf 85' lang='lat' dir='ltr'>determinati-</span> 
     </span>
     <span class='ocr_line' id='line_1_14' title="bbox 435 2210 3188 2317; baseline -0.001 -26"><span class='ocrx_word' id='word_1_103' title='bbox 435 2238 686 2291; x_wconf 89' lang='lat' dir='ltr'>onem</span> <span class='ocrx_word' id='word_1_104' title='bbox 719 2210 1028 2317; x_wconf 84' lang='lat' dir='ltr'>saepius</span> <span class='ocrx_word' id='word_1_105' title='bbox 1055 2210 1532 2293; x_wconf 88' lang='lat' dir='ltr'>coalescunt.</span> <span class='ocrx_word' id='word_1_106' title='bbox 1599 2212 1828 2289; x_wconf 88' lang='lat' dir='ltr'>Haec</span> <span class='ocrx_word' id='word_1_107' title='bbox 1867 2232 2138 2289; x_wconf 85' lang='lat' dir='ltr'>autem</span> <span class='ocrx_word' id='word_1_108' title='bbox 2174 2231 2357 2289; x_wconf 87' lang='lat' dir='ltr'>tum</span> <span class='ocrx_word' id='word_1_109' title='bbox 2395 2210 2484 2289; x_wconf 90' lang='lat' dir='ltr'>in</span> <span class='ocrx_word' id='word_1_110' title='bbox 2509 2210 2922 2316; x_wconf 85' lang='lat' dir='ltr'>Apollonii</span> <span class='ocrx_word' id='word_1_111' title='bbox 2960 2210 3188 2290; x_wconf 86' lang='lat' dir='ltr'>libris</span> 
     </span>
     <span class='ocr_line' id='line_1_15' title="bbox 435 2344 3191 2447; baseline -0 -20"><span class='ocrx_word' id='word_1_112' title='bbox 435 2348 544 2428; x_wconf 87' lang='lat' dir='ltr'>de</span> <span class='ocrx_word' id='word_1_113' title='bbox 577 2347 950 2428; x_wconf 67' lang='lat' dir='ltr'>Sec‘tione</span> <span class='ocrx_word' id='word_1_114' title='bbox 981 2344 1381 2445; x_wconf 86' lang='lat' dir='ltr'>Rationis,</span> <span class='ocrx_word' id='word_1_115' title='bbox 1431 2368 1614 2425; x_wconf 88' lang='lat' dir='ltr'>tum</span> <span class='ocrx_word' id='word_1_116' title='bbox 1659 2346 1748 2425; x_wconf 89' lang='lat' dir='ltr'>in</span> <span class='ocrx_word' id='word_1_117' title='bbox 1781 2345 1995 2435; x_wconf 78' lang='lat' dir='ltr'>hisce</span> <span class='ocrx_word' id='word_1_118' title='bbox 2039 2346 2276 2427; x_wconf 84' lang='lat' dir='ltr'>facile</span> <span class='ocrx_word' id='word_1_119' title='bbox 2312 2348 2421 2427; x_wconf 87' lang='lat' dir='ltr'>est</span> <span class='ocrx_word' id='word_1_120' title='bbox 2455 2348 2896 2447; x_wconf 73' lang='lat' dir='ltr'>observare,</span> <span class='ocrx_word' id='word_1_121' title='bbox 2938 2368 3014 2426; x_wconf 88' lang='lat' dir='ltr'>et</span> <span class='ocrx_word' id='word_1_122' title='bbox 3049 2374 3191 2426; x_wconf 86' lang='lat' dir='ltr'>ex-</span> 
     </span>
     <span class='ocr_line' id='line_1_16' title="bbox 435 2484 2967 2591; baseline 0 -26"><span class='ocrx_word' id='word_1_123' title='bbox 435 2485 716 2589; x_wconf 84' lang='lat' dir='ltr'>emplo</span> <span class='ocrx_word' id='word_1_124' title='bbox 759 2485 851 2564; x_wconf 92' lang='lat' dir='ltr'>in</span> <span class='ocrx_word' id='word_1_125' title='bbox 897 2484 1410 2591; x_wconf 83' lang='lat' dir='ltr'>Epitagmate</span> <span class='ocrx_word' id='word_1_126' title='bbox 1449 2510 1524 2587; x_wconf 85' lang='lat'>3.</span> <span class='ocrx_word' id='word_1_127' title='bbox 1571 2484 1806 2565; x_wconf 90' lang='lat' dir='ltr'>Prob.</span> <span class='ocrx_word' id='word_1_128' title='bbox 1847 2510 1923 2589; x_wconf 84' lang='lat'>3.</span> <span class='ocrx_word' id='word_1_129' title='bbox 1972 2484 2157 2565; x_wconf 90' lang='lat' dir='ltr'>Lib.</span> <span class='ocrx_word' id='word_1_130' title='bbox 2200 2510 2274 2567; x_wconf 83' lang='lat'>2.</span> <span class='ocrx_word' id='word_1_131' title='bbox 2324 2484 2967 2590; x_wconf 77' lang='lat' dir='ltr'>explicabuntur.</span> 
     </span>
    </p>

    <p class='ocr_par' dir='ltr' id='par_1_3' title="bbox 431 2620 3193 4507">
     <span class='ocr_line' id='line_1_17' title="bbox 579 2620 3189 2735; baseline 0 -36"><span class='ocrx_word' id='word_1_132' title='bbox 579 2622 816 2735; x_wconf 82' lang='lat' dir='ltr'>Qae</span> <span class='ocrx_word' id='word_1_133' title='bbox 859 2642 1134 2699; x_wconf 86' lang='lat' dir='ltr'>autem</span> <span class='ocrx_word' id='word_1_134' title='bbox 1179 2620 1280 2698; x_wconf 87' lang='lat' dir='ltr'>de</span> <span class='ocrx_word' id='word_1_135' title='bbox 1314 2620 1678 2699; x_wconf 61' lang='lat' dir='ltr'>sectione</span> <span class='ocrx_word' id='word_1_136' title='bbox 1709 2621 2267 2699; x_wconf 86' lang='lat' dir='ltr'>Determinata</span> <span class='ocrx_word' id='word_1_137' title='bbox 2302 2621 2645 2699; x_wconf 86' lang='lat' dir='ltr'>servavit</span> <span class='ocrx_word' id='word_1_138' title='bbox 2690 2624 3038 2725; x_wconf 85' lang='lat' dir='ltr'>Pappus,</span> <span class='ocrx_word' id='word_1_139' title='bbox 3096 2620 3189 2699; x_wconf 87' lang='lat' dir='ltr'>in</span> 
     </span>
     <span class='ocr_line' id='line_1_18' title="bbox 441 2756 3191 2862; baseline -0.001 -25"><span class='ocrx_word' id='word_1_140' title='bbox 441 2756 762 2838; x_wconf 87' lang='lat' dir='ltr'>Graeco</span> <span class='ocrx_word' id='word_1_141' title='bbox 789 2756 1064 2837; x_wconf 91' lang='lat' dir='ltr'>codice</span> <span class='ocrx_word' id='word_1_142' title='bbox 1099 2784 1270 2862; x_wconf 90' lang='lat' dir='ltr'>quo</span> <span class='ocrx_word' id='word_1_143' title='bbox 1299 2756 1684 2836; x_wconf 80' lang='lat' dir='ltr'>utebatur</span> <span class='ocrx_word' id='word_1_144' title='bbox 1707 2758 2387 2857; x_wconf 86' lang='lat' dir='ltr'>Commandinus,</span> <span class='ocrx_word' id='word_1_145' title='bbox 2418 2758 2777 2835; x_wconf 89' lang='lat' dir='ltr'>multum</span> <span class='ocrx_word' id='word_1_146' title='bbox 2812 2756 3191 2834; x_wconf 88' lang='lat' dir='ltr'>mutilata</span> 
     </span>
     <span class='ocr_line' id='line_1_19' title="bbox 442 2892 3191 3001; baseline -0.002 -26"><span class='ocrx_word' id='word_1_147' title='bbox 442 2916 524 2975; x_wconf 84' lang='lat' dir='ltr'>et</span> <span class='ocrx_word' id='word_1_148' title='bbox 567 2896 1002 3001; x_wconf 85' lang='lat' dir='ltr'>depravata</span> <span class='ocrx_word' id='word_1_149' title='bbox 1047 2894 1480 2993; x_wconf 85' lang='lat' dir='ltr'>habentur,</span> <span class='ocrx_word' id='word_1_150' title='bbox 1543 2914 1638 2974; x_wconf 91' lang='lat' dir='ltr'>ut</span> <span class='ocrx_word' id='word_1_151' title='bbox 1683 2914 1762 2971; x_wconf 91' lang='lat' dir='ltr'>et</span> <span class='ocrx_word' id='word_1_152' title='bbox 1807 2895 2088 2973; x_wconf 84' lang='lat' dir='ltr'>omnia</span> <span class='ocrx_word' id='word_1_153' title='bbox 2136 2895 2446 3000; x_wconf 81' lang='lat' dir='ltr'>reliqua</span> <span class='ocrx_word' id='word_1_154' title='bbox 2492 2893 2741 2999; x_wconf 87' lang='lat' dir='ltr'>Pappi</span> <span class='ocrx_word' id='word_1_155' title='bbox 2786 2893 2877 2973; x_wconf 88' lang='lat' dir='ltr'>in</span> <span class='ocrx_word' id='word_1_156' title='bbox 2912 2892 3191 2971; x_wconf 88' lang='lat' dir='ltr'>omni-</span> 
     </span>
     <span class='ocr_line' id='line_1_20' title="bbox 438 3028 3192 3136; baseline -0 -27"><span class='ocrx_word' id='word_1_157' title='bbox 438 3032 602 3111; x_wconf 89' lang='lat' dir='ltr'>bus</span> <span class='ocrx_word' id='word_1_158' title='bbox 637 3053 733 3111; x_wconf 91' lang='lat' dir='ltr'>ut</span> <span class='ocrx_word' id='word_1_159' title='bbox 769 3030 1090 3110; x_wconf 82' lang='lat' dir='ltr'>videtur</span> <span class='ocrx_word' id='word_1_160' title='bbox 1126 3029 1571 3130; x_wconf 84' lang='lat' dir='ltr'>codicibus,</span> <span class='ocrx_word' id='word_1_161' title='bbox 1613 3058 1816 3136; x_wconf 84' lang='lat' dir='ltr'>quos</span> <span class='ocrx_word' id='word_1_162' title='bbox 1853 3028 2377 3110; x_wconf 84' lang='lat' dir='ltr'>certiflimum</span> <span class='ocrx_word' id='word_1_163' title='bbox 2414 3032 2521 3110; x_wconf 87' lang='lat' dir='ltr'>est</span> <span class='ocrx_word' id='word_1_164' title='bbox 2556 3060 2603 3110; x_wconf 89' lang='lat' dir='ltr'>a</span> <span class='ocrx_word' id='word_1_165' title='bbox 2636 3030 2986 3110; x_wconf 88' lang='lat' dir='ltr'>librariis</span> <span class='ocrx_word' id='word_1_166' title='bbox 3026 3030 3192 3108; x_wconf 89' lang='lat' dir='ltr'>Ge-</span> 
     </span>
     <span class='ocr_line' id='line_1_21' title="bbox 442 3166 3193 3274; baseline -0.002 -25"><span class='ocrx_word' id='word_1_167' title='bbox 442 3169 831 3249; x_wconf 89' lang='lat' dir='ltr'>ometriae</span> <span class='ocrx_word' id='word_1_168' title='bbox 866 3167 1184 3274; x_wconf 89' lang='lat' dir='ltr'>prorsus</span> <span class='ocrx_word' id='word_1_169' title='bbox 1223 3167 1524 3274; x_wconf 86' lang='lat' dir='ltr'>ignaris</span> <span class='ocrx_word' id='word_1_170' title='bbox 1561 3166 1994 3271; x_wconf 88' lang='lat' dir='ltr'>descriptos</span> <span class='ocrx_word' id='word_1_171' title='bbox 2033 3166 2291 3249; x_wconf 85' lang='lat' dir='ltr'>fuiffe.</span> <span class='ocrx_word' id='word_1_172' title='bbox 2362 3168 2729 3246; x_wconf 87' lang='lat' dir='ltr'>Multum</span> <span class='ocrx_word' id='word_1_173' title='bbox 2766 3166 3021 3274; x_wconf 85' lang='lat' dir='ltr'>igitur</span> <span class='ocrx_word' id='word_1_174' title='bbox 3056 3166 3193 3244; x_wconf 89' lang='lat' dir='ltr'>de·</span> 
     </span>
     <span class='ocr_line' id='line_1_22' title="bbox 441 3302 3191 3407; baseline -0.002 -23"><span class='ocrx_word' id='word_1_175' title='bbox 441 3306 586 3384; x_wconf 86' lang='lat' dir='ltr'>bet</span> <span class='ocrx_word' id='word_1_176' title='bbox 631 3302 1100 3385; x_wconf 88' lang='lat' dir='ltr'>Geometria</span> <span class='ocrx_word' id='word_1_177' title='bbox 1144 3303 1320 3383; x_wconf 86' lang='lat' dir='ltr'>viro</span> <span class='ocrx_word' id='word_1_178' title='bbox 1364 3302 1678 3407; x_wconf 90' lang='lat' dir='ltr'>optimo</span> <span class='ocrx_word' id='word_1_179' title='bbox 1726 3302 2097 3383; x_wconf 90' lang='lat' dir='ltr'>Federico</span> <span class='ocrx_word' id='word_1_180' title='bbox 2146 3304 2746 3383; x_wconf 88' lang='lat' dir='ltr'>Commandino</span> <span class='ocrx_word' id='word_1_181' title='bbox 2783 3302 2955 3407; x_wconf 89' lang='lat' dir='ltr'>qui,</span> <span class='ocrx_word' id='word_1_182' title='bbox 2997 3328 3191 3379; x_wconf 89' lang='lat' dir='ltr'>cum</span> 
     </span>
     <span class='ocr_line' id='line_1_23' title="bbox 439 3436 3188 3545; baseline -0.003 -24"><span class='ocrx_word' id='word_1_183' title='bbox 439 3442 714 3521; x_wconf 87' lang='lat' dir='ltr'>literas</span> <span class='ocrx_word' id='word_1_184' title='bbox 759 3440 1110 3520; x_wconf 90' lang='lat' dir='ltr'>Graecas</span> <span class='ocrx_word' id='word_1_185' title='bbox 1157 3461 1235 3518; x_wconf 90' lang='lat' dir='ltr'>et</span> <span class='ocrx_word' id='word_1_186' title='bbox 1270 3440 1826 3519; x_wconf 87' lang='lat' dir='ltr'>Geometriam</span> <span class='ocrx_word' id='word_1_187' title='bbox 1871 3436 2111 3517; x_wconf 75' lang='lat' dir='ltr'>fimul</span> <span class='ocrx_word' id='word_1_188' title='bbox 2160 3440 2493 3544; x_wconf 87' lang='lat' dir='ltr'>pulchre</span> <span class='ocrx_word' id='word_1_189' title='bbox 2541 3439 2885 3536; x_wconf 89' lang='lat' dir='ltr'>calleret,</span> <span class='ocrx_word' id='word_1_190' title='bbox 2946 3463 3188 3545; x_wconf 87' lang='lat' dir='ltr'>mag-</span> 
     </span>
     <span class='ocr_line' id='line_1_24' title="bbox 437 3574 3187 3684; baseline -0.002 -25"><span class='ocrx_word' id='word_1_191' title='bbox 437 3606 556 3659; x_wconf 88' lang='lat' dir='ltr'>no</span> <span class='ocrx_word' id='word_1_192' title='bbox 586 3576 930 3683; x_wconf 88' lang='lat' dir='ltr'>judicio,</span> <span class='ocrx_word' id='word_1_193' title='bbox 983 3576 1502 3683; x_wconf 82' lang='lat' dir='ltr'>maximaque</span> <span class='ocrx_word' id='word_1_194' title='bbox 1535 3575 1984 3684; x_wconf 67' lang='lat' dir='ltr'>diligentia,</span> <span class='ocrx_word' id='word_1_195' title='bbox 2033 3577 2249 3665; x_wconf 82' lang='lat' dir='ltr'>inter</span> <span class='ocrx_word' id='word_1_196' title='bbox 2282 3578 2438 3655; x_wconf 90' lang='lat' dir='ltr'>alia</span> <span class='ocrx_word' id='word_1_197' title='bbox 2472 3576 2760 3674; x_wconf 89' lang='lat' dir='ltr'>multa,</span> <span class='ocrx_word' id='word_1_198' title='bbox 2801 3574 3187 3653; x_wconf 88' lang='lat' dir='ltr'>lemmata</span> 
     </span>
     <span class='ocr_line' id='line_1_25' title="bbox 435 3712 3187 3821; baseline -0.002 -26"><span class='ocrx_word' id='word_1_199' title='bbox 435 3715 640 3795; x_wconf 88' lang='lat' dir='ltr'>haec</span> <span class='ocrx_word' id='word_1_200' title='bbox 677 3714 923 3821; x_wconf 90' lang='lat' dir='ltr'>Pappi</span> <span class='ocrx_word' id='word_1_201' title='bbox 970 3742 1018 3791; x_wconf 93' lang='lat' dir='ltr'>a</span> <span class='ocrx_word' id='word_1_202' title='bbox 1066 3714 1348 3792; x_wconf 87' lang='lat' dir='ltr'>multis</span> <span class='ocrx_word' id='word_1_203' title='bbox 1395 3712 1776 3821; x_wconf 82' lang='lat' dir='ltr'>purgavit</span> <span class='ocrx_word' id='word_1_204' title='bbox 1822 3712 2257 3813; x_wconf 84' lang='lat' dir='ltr'>erroribus,</span> <span class='ocrx_word' id='word_1_205' title='bbox 2300 3734 2376 3792; x_wconf 87' lang='lat' dir='ltr'>et</span> <span class='ocrx_word' id='word_1_206' title='bbox 2424 3733 2838 3818; x_wconf 89' lang='lat' dir='ltr'>propterea</span> <span class='ocrx_word' id='word_1_207' title='bbox 2882 3736 3187 3817; x_wconf 86' lang='lat' dir='ltr'>magno</span> 
     </span>
     <span class='ocr_line' id='line_1_26' title="bbox 437 3846 3185 3955; baseline -0.002 -23"><span class='ocrx_word' id='word_1_208' title='bbox 437 3879 594 3932; x_wconf 85' lang='lat' dir='ltr'>nos</span> <span class='ocrx_word' id='word_1_209' title='bbox 644 3851 938 3929; x_wconf 82' lang='lat' dir='ltr'>levavit</span> <span class='ocrx_word' id='word_1_210' title='bbox 983 3876 1249 3931; x_wconf 88' lang='lat' dir='ltr'>onere.</span> <span class='ocrx_word' id='word_1_211' title='bbox 1352 3850 1540 3929; x_wconf 93' lang='lat' dir='ltr'>Non</span> <span class='ocrx_word' id='word_1_212' title='bbox 1586 3871 1862 3943; x_wconf 82' lang='lat' dir='ltr'>autem</span> <span class='ocrx_word' id='word_1_213' title='bbox 1909 3848 2216 3948; x_wconf 89' lang='lat' dir='ltr'>omnia,</span> <span class='ocrx_word' id='word_1_214' title='bbox 2272 3848 2732 3955; x_wconf 86' lang='lat' dir='ltr'>praesertim</span> <span class='ocrx_word' id='word_1_215' title='bbox 2779 3849 3007 3948; x_wconf 90' lang='lat' dir='ltr'>Prop.</span> <span class='ocrx_word' id='word_1_216' title='bbox 3051 3846 3185 3927; x_wconf 83' lang='lat'>62.</span> 
     </span>
     <span class='ocr_line' id='line_1_27' title="bbox 433 3980 3184 4096; baseline -0.004 -26"><span class='ocrx_word' id='word_1_217' title='bbox 433 3988 628 4070; x_wconf 90' lang='lat' dir='ltr'>Lib.</span> <span class='ocrx_word' id='word_1_218' title='bbox 673 4012 748 4096; x_wconf 92' lang='lat'>7.</span> <span class='ocrx_word' id='word_1_219' title='bbox 781 3986 1328 4093; x_wconf 83' lang='lat' dir='ltr'>redintegrare</span> <span class='ocrx_word' id='word_1_220' title='bbox 1362 3984 1668 4091; x_wconf 87' lang='lat' dir='ltr'>potuit;</span> <span class='ocrx_word' id='word_1_221' title='bbox 1719 3985 1914 4066; x_wconf 88' lang='lat' dir='ltr'>haec</span> <span class='ocrx_word' id='word_1_222' title='bbox 1953 3986 2203 4083; x_wconf 89' lang='lat' dir='ltr'>enim,</span> <span class='ocrx_word' id='word_1_223' title='bbox 2259 3988 2349 4065; x_wconf 88' lang='lat' dir='ltr'>in</span> <span class='ocrx_word' id='word_1_224' title='bbox 2397 3984 2609 4065; x_wconf 89' lang='lat' dir='ltr'>notis</span> <span class='ocrx_word' id='word_1_225' title='bbox 2660 3980 3184 4087; x_wconf 88' lang='lat' dir='ltr'>alphabeticis</span> 
     </span>
     <span class='ocr_line' id='line_1_28' title="bbox 433 4118 3188 4232; baseline -0.004 -27"><span class='ocrx_word' id='word_1_226' title='bbox 433 4152 653 4232; x_wconf 87' lang='lat' dir='ltr'>quae</span> <span class='ocrx_word' id='word_1_227' title='bbox 682 4122 1011 4204; x_wconf 86' lang='lat' dir='ltr'>schema</span> <span class='ocrx_word' id='word_1_228' title='bbox 1043 4122 1428 4226; x_wconf 65' lang='lat' dir='ltr'>speciant,</span> <span class='ocrx_word' id='word_1_229' title='bbox 1468 4122 1666 4201; x_wconf 90' lang='lat' dir='ltr'>adeo</span> <span class='ocrx_word' id='word_1_230' title='bbox 1703 4123 1811 4201; x_wconf 88' lang='lat' dir='ltr'>est</span> <span class='ocrx_word' id='word_1_231' title='bbox 1847 4142 2253 4227; x_wconf 85' lang='lat' dir='ltr'>corrupta,</span> <span class='ocrx_word' id='word_1_232' title='bbox 2292 4143 2386 4202; x_wconf 89' lang='lat' dir='ltr'>ut</span> <span class='ocrx_word' id='word_1_233' title='bbox 2422 4118 3188 4200; x_wconf 85' lang='lat' dir='ltr'>demonstrationem</span> 
     </span>
     <span class='ocr_line' id='line_1_29' title="bbox 431 4252 3189 4367; baseline -0.003 -25"><span class='ocrx_word' id='word_1_234' title='bbox 431 4260 788 4343; x_wconf 85' lang='lat' dir='ltr'>minime</span> <span class='ocrx_word' id='word_1_235' title='bbox 833 4259 1244 4339; x_wconf 85' lang='lat' dir='ltr'>restituere</span> <span class='ocrx_word' id='word_1_236' title='bbox 1281 4260 1624 4357; x_wconf 83' lang='lat' dir='ltr'>valeret3</span> <span class='ocrx_word' id='word_1_237' title='bbox 1699 4286 1896 4337; x_wconf 88' lang='lat' dir='ltr'>nam</span> <span class='ocrx_word' id='word_1_238' title='bbox 1943 4280 2181 4339; x_wconf 88' lang='lat' dir='ltr'>notae</span> <span class='ocrx_word' id='word_1_239' title='bbox 2228 4258 2581 4367; x_wconf 83' lang='lat' dir='ltr'>prolixae</span> <span class='ocrx_word' id='word_1_240' title='bbox 2625 4283 2827 4364; x_wconf 89' lang='lat' dir='ltr'>quas</span> <span class='ocrx_word' id='word_1_241' title='bbox 2876 4254 2947 4334; x_wconf 90' lang='lat' dir='ltr'>ei</span> <span class='ocrx_word' id='word_1_242' title='bbox 2994 4252 3189 4333; x_wconf 89' lang='lat' dir='ltr'>sub-</span> 
     </span>
     <span class='ocr_line' id='line_1_30' title="bbox 432 4393 1956 4507; baseline -0.002 -26"><span class='ocrx_word' id='word_1_243' title='bbox 432 4398 708 4507; x_wconf 81' lang='lat' dir='ltr'>junxit</span> <span class='ocrx_word' id='word_1_244' title='bbox 744 4424 934 4479; x_wconf 89' lang='lat' dir='ltr'>eam</span> <span class='ocrx_word' id='word_1_245' title='bbox 969 4395 1198 4476; x_wconf 91' lang='lat' dir='ltr'>nullo</span> <span class='ocrx_word' id='word_1_246' title='bbox 1231 4393 1476 4475; x_wconf 88' lang='lat' dir='ltr'>modo</span> <span class='ocrx_word' id='word_1_247' title='bbox 1514 4394 1956 4505; x_wconf 86' lang='lat' dir='ltr'>attingunt.</span> 
     </span>
    </p>
   </div>
  </div>
 </body>
</html>
