4109 5609
855 398 1023 478 204
1222 369 1399 450 DE
1464 367 2168 452 SECTIONE·
2226 368 3276 454 DETERMmATA

855 593 969 675 est
1002 591 1407 697 punfium
1441 590 1537 671 E.
1618 589 1725 668 Et
1758 615 1811 668 a.
1839 589 2311 697 restangulo
2345 591 2530 688 DA,
2567 591 2712 670 AC
2749 592 3022 673 ablato
3057 592 3250 674 dato
3283 591 3618 673 restan-

732 765 735 774 ·
848 731 1047 840 gulo
1082 731 1267 827 DA,
1295 728 1441 805 ΑΕ
1476 727 1915 834 reliquum,
1952 727 2528 834 rfflangulum
2559 728 2858 810 scilicet
2888 732 3084 830 DA,
3103 732 3267 830 EC,
3313 755 3412 809 ex
3439 729 3618 838 hy·-

852 863 1471 974 pothefi‚datam
1495 862 1742 944 habet
1762 863 2164 942 rationem
2189 864 2298 942 ad

854 1003 1353 1110 quadratum
1388 1027 1485 1080 ex
1518 1002 1679 1082 CB.
1766 1000 2001 1080 Datis
2038 1000 2296 1108 igit‘ur
2408 1041 2518 1119 ‘D-
2792 1044 2879 1122 A
3077 1046 3143 1122 E
3349 1043 3414 1123 C
3537 1043 3612 1121 B

850 1140 943 1220 in
978 1142 1194 1220 reita
1228 1138 1441 1218 linea
1474 1137 1795 1218 duobus
1832 1137 2156 1242 pumstis
2195 1141 2306 1237 E,
2715 1165 2725 1180 ·

853 1279 921 1356 B
999 1275 1591 1356 inveniendum
1660 1273 1769 1354 est
1838 1272 2172 1352 tertium
2241 1277 2312 1354 C

854 1413 1069 1492 inter
1127 1412 1293 1516 ipsa
1341 1410 1565 1516 quod
1620 1411 1863 1489 faciet
1908 1412 2474 1518 rectangulum
2525 1441 2580 1490 a.
2623 1413 3035 1522 segmento
3084 1417 3234 1494 EC
3277 1437 3354 1496 et
3413 1415 3614 1494 data

786 1649 795 1659 κ
853 1552 1071 1630 resta
1106 1550 1263 1628 DA
1297 1547 1403 1625 ad
1439 1547 1931 1652 quadratum
1966 1574 2062 1625 ex
2099 1549 2230 1624 CB
2267 1548 2358 1628 in
2392 1549 2702 1629 ratione
2736 1553 2953 1652 data,
3004 1554 3228 1658 quod
3265 1552 3618 1658 quidem.
3752 1574 3760 1582 ’

856 1684 997 1766 fiet
1032 1712 1181 1792 ope
1215 1687 1463 1789 Prop..
1482 1710 1626 1788 42.
1660 1711 1867 1790 quae
1902 1683 2011 1764 est
2048 1683 2482 1794 Epitagma
2529 1713 2596 1768 ι..
2635 1689 2870 1770 Prob.
2911 1714 2994 1772 2.
3021 1689 3207 1771 Lib.
3259 1715 3336 1772 ι..

987 1963 1223 2042 Pus
1268 1984 1343 2042 2,
1388 1957 1511 2038 Sit
1542 1958 2112 2064 refflngulum
2141 1957 2330 2056 DA,
2367 1959 2526 2037 ΑΟ
2545 1959 2830 2040 minus
2859 1960 3256 2066 quadrato
3291 1986 3386 2041 ex
3420 1961 3612 2059 (2133,

854 2096 1113 2206 igitur
1157 2093 1303 2202 ipfi
1346 2098 1545 2200 DA,
1592 2096 1749 2174 AC
1808 2094 2088 2174 addito
2149 2081 2368 2194 dati),

856 2233 1083 2342 quod
1116 2231 1211 2314 fit
1232 2229 1801 2340 reffangulum
1828 2233 2011 2330 DA,
2040 2233 2186 2309 ΑΕ
2221 2259 2375 2336 po·-
2509 2271 2590 2348 D
2656 2271 2723 2350 E
2923 2273 3003 2350 A
3279 2271 3347 2352 C
3389 2268 3398 2276 ·
3533 2276 3618 2354 R

851 2369 996 2452 fita
1027 2372 1173 2452 ΑΕ
1205 2369 1307 2451 in,
1332 2371 1473 2449 BA
1518 2368 1911 2475 produsta
1958 2369 2064 2446 ad
2107 2389 2372 2474 partes

852 2511 961 2608 A,
1030 2529 1328 2607 totum,
1413 2505 1981 2614 rthangulum
2059 2504 2360 2587 scilicet
2499 2499 2526 2514 ”

854 2647 1050 2746 DA,
1102 2647 1249 2726 EC
1308 2643 1581 2742 habet,
1653 2670 1749 2722 ex
1792 2641 2243 2750 hypothesi,
2316 2643 2597 2724 datam
2639 2643 3051 2724 rationem-
3087 2645 3194 2724 ad
3239 2643 3610 2750 quadra-

751 2769 779 2794 ⁰
852 2805 1039 2864 tum
1074 2812 1167 2863 ex
1204 2785 1361 2865 CB.
1464 2783 1871 2862 Pumstum
1907 2780 2162 2890 igitur
2197 2779 2754 2862 Ginvenietm:
2786 2802 2884 2863 ut
2915 2782 3006 2861 in
3053 2785 3282 2862 Parte
3328 2808 3397 2864 1.
3443 2808 3616 2888 ope.

852 2923 1082 3028 Prop.
1121 2947 1275 3028 42,

1578 3115 1615 3154 0

994 3195 1223 3272 PARS
1265 3219 1340 3298 3.
1408 3191 1811 3298 Denique,
1862 3189 1957 3270 fit
1998 3189 2566 3300 restangulum
2609 3191 2794 3291 DA,
2833 3192 2979 3272 AC
3021 3193 3314 3272 datum
3357 3187 3611 3276 fimuk

855 3357 1049 3412 cum
1094 3358 1191 3410 eo
1248 3329 1353 3409 ad
1400 3331 1627 3436 quod
1675 3327 2170 3436 quadratum
2215 3355 2310 3408 ex
2357 3329 2506 3408 CB
2547 3330 2830 3410 datam
2875 3329 3122 3409 habet
3165 3329 3610 3412 rationem..

849 3467 1133 3575 Sitque
1166 3469 1455 3548 datum
1490 3469 1623 3549 cui
1657 3466 2066 3582 praedicata
2099 3465 2352 3572 spatia
2383 3464 2620 3547 fimul
2653 3466 2841 3547 sunt
2875 3466 3241 3574 aequalia
3275 3469 3607 3549 τεθεω-

848 3608 1141 3714 gulum
1174 3609 1356 3705 DA,
1392 3607 1569 3686 ΑΕ.
1738 3709 1743 3713 ψ
3395 3681 3403 3692 .

985 3745 1185 3824 Cas.
1234 3769 1301 3823 1.
1350 3741 1714 3856 Qando
1741 3742 2308 3849 recita-ngulum
2341 3743 2525 3843 DA,
2562 3743 2708 3824 AE
2741 3743 3024 3824 minus
3053 3739 3166 3866 ‘est-
3198 3739 3372 3848 ipso
3403 3743 3606 3845 DA,

850 3881 1033 3978 AB3
1085 3877 1335 3985 pofita
1369 3880 1625 3988 igitur
1655 3881 1801 3959 ΑΕ
1834 3878 1923 3958 in
1960 3881 2174 3959 rasta
2195 3881 2339 3958 AB

846 4017 1115 4097 versus
1152 4039 1414 4123 partes
1452 4019 1515 4097 B
1554 4019 1783 4098 cadet
1826 4019 2231 4124 punc'fflm
2265 4019 2333 4096 E
2466 4058 2545 4134 Ι)
2658 4059 2738 4136 Α
3099 4057 3166 4136 C
3387 4058 3452 4135 E
3523 4057 3592 4134 B

846 4155 1061 4236 inter
1091 4159 1169 4235 A
1202 4177 1281 4236 et
1316 4157 1411 4255 B,
1474 4177 1555 4236 et
1586 4154 1979 4263 quoniam
2013 4157 2332 4236 rectan-

848 4294 1143 4398 guJum
1198 4295 1395 4394 DA,
1457 4296 1615 4373 ΑΕ
1671 4293 1933 4398 majus
1994 4295 2104 4374 est
2161 4293 2333 4400 ipso

842 4431 1027 4532 DA,
1061 4433 1207 4514 AG
1240 4432 1471 4514 cadet
1504 4435 1578 4516 E
1606 4431 1821 4515 inter
1852 4433 1927 4514 C
1952 4453 2031 4514 et
2077 4433 2178 4518 Β.
2285 4431 2418 4514 Est
2465 4454 2741 4515 autem
2785 4435 3357 4548 restangulum
3397 4434 3596 4537 DA,
