4109 5609
1001 402 1506 484 LIBER
1621 399 2539 482 SECUNDUS.
3034 340 3141 505 5'7

823 622 1226 703 PROP.
1365 618 1836 701 COMM.
1909 618 2020 725 64
2154 620 2486 700 LEM.
2565 643 2693 722 24.

669 759 1134 839 Monachus
1168 756 1388 837 tertii
1424 757 1956 863 Epitagmatis
1995 756 2213 835 tertii
2250 752 2774 836 Problematis
2800 748 2860 839 b.

545 900 764 975 Haec
811 898 926 975 est
970 922 1156 1001 pars
1203 891 1905 974 demonstrationis
1953 891 2093 998 huj
2104 922 2198 973 us
2248 892 2815 1001 Epitagmatis,
2864 914 2945 975 et
2986 892 3139 973 ha-

417 1034 638 1113 betur
671 1032 778 1111 ad
815 1032 1070 1113 finem
1103 1034 1335 1135 Prop.
1377 1032 1508 1137 65.
1543 1028 1816 1133 hujuS.

539 1310 612 1386 Ο
633 1332 678 1384 Β
705 1333 741 1385 s
765 1330 819 1385 Ε
848 1330 900 1385 R
931 1332 986 1385 v
1013 1332 1063 1384 A
1092 1329 1146 1384 N
1177 1330 1232 1383 n
1256 1328 1310 1383 U
1335 1327 1397 1383 M
1474 1302 1586 1383 est
1665 1302 2089 1383 Lemmata
2157 1303 2247 1383 in
2308 1302 2429 1409 5ti
2489 1323 2567 1383 et
2630 1301 2748 1385 6ti
2816 1306 3142 1388 Proble-

417 1443 640 1522 matis
701 1444 892 1523 Lib.
961 1468 988 1519 1
1009 1506 1028 1523 .
1103 1442 1618 1548 Epitagmata
1665 1441 1950 1519 eodem
1995 1440 2278 1519 ordine
2337 1439 2709 1547 dispofita
2770 1440 2919 1525 effe
2976 1474 3145 1552 quo

419 1576 982 1684 Propofitiones
1031 1599 1110 1657 et
1157 1576 1672 1685 Epitagmata
1708 1576 2010 1681 quibus
2058 1576 2527 1658 inserviunt.
2634 1580 2823 1658 Non
2871 1604 3145 1664 autem

418 1715 524 1795 ita
557 1713 929 1821 dispofita
964 1716 1152 1795 sunt
1187 1716 1610 1794 Lemmata
1644 1712 1734 1792 in
1769 1711 2285 1821 Epitagmata
2320 1714 2552 1793 Libri
2586 1714 2945 1815 secundi,
2995 1748 3144 1799 cu·-

403 1854 534 1957 jus
577 1852 776 1933 haec
826 1854 938 1931 est
981 1850 1218 1950 ratio,
1269 1850 1426 1932 viz.
1475 1851 1672 1929 Tria
1718 1850 1984 1955 prima
2031 1852 2453 1930 Lemmata
2500 1851 2589 1929 in
2632 1855 2983 1935 Librum
3026 1858 3148 1937 se-

419 1990 806 2087 cundum,
857 1984 1434 2094 Propofitiones
1482 1987 1779 2067 scilicet
1823 2010 1963 2091 41.
2010 2011 2150 2088 42.
2195 2012 2333 2092 43.
2382 1986 2565 2070 Lib.
2608 2016 2683 2099 7.
2733 1991 2981 2098 Pappi
3026 1994 3149 2076 se-

417 2126 778 2206 cundum
813 2123 1395 2205 Commandini
1441 2122 2135 2202 enumerationem
2179 2123 2627 2206 inserviunt
2672 2126 3149 2234 Propofitio-

415 2262 655 2343 nibus
691 2288 835 2367 45,
873 2261 1014 2367 46.
1065 2263 1224 2343 &c.
1269 2261 1526 2367 usque
1561 2260 1665 2339 ad
1699 2256 2325 2366 Propofitionem
2362 2287 2496 2371 57.
2534 2262 2691 2345 viz.
2741 2268 2973 2373 Prop.
3008 2295 3146 2374 41.

417 2398 739 2479 inservit
773 2402 1065 2503 Propp.
1090 2424 1229 2504 45.
1252 2398 1392 2502 46.
1418 2423 1554 2506 47.
1626 2401 1856 2501 Prop.
1882 2421 2020 2498 42.
2047 2394 2233 2500 ipfis
2267 2400 2405 2500 48.
2429 2425 2567 2507 49.
2595 2427 2728 2507 50.
2800 2424 2881 2485 et
2916 2408 3149 2515 Prop.

415 2560 544 2640 43.
579 2534 769 2641 ipfis
807 2560 943 2640 51.
981 2561 1116 2639 52.
1155 2561 1288 2639 53.
1326 2559 1460 2639 54.
1497 2558 1632 2638 55.
1682 2533 1814 2637 56.
1920 2534 2165 2613 Βεέὶε
2206 2533 2463 2641 igitur
2506 2536 2921 2643 dispositae
2964 2542 3153 2627 sunt

419 2671 561 2750 hae
619 2672 1060 2784 duodecim
1116 2668 1692 2775 Propositiones
1743 2664 2200 2748 'secundum
2258 2671 2631 2752 ordinem
2674 2676 3153 2783 Propofitio-

420 2836 618 2887 num
653 2834 756 2913 41
774 2870 795 2891 .
831 2833 972 2912 42.
1004 2833 1141 2912 43.
1189 2834 1282 2887 ex
1318 2806 1622 2913 quibus
1655 2805 2139 2909 dependent,
2193 2832 2361 2887 non
2400 2830 2671 2888 autem
2706 2813 3155 2895 secundum

421 2943 792 3025 ordinem
825 2942 1442 3051 Epitagmatum
1477 2941 1662 3023 Lib.
1705 2966 1780 3023 2.
1818 2940 2121 3047 quibus
2155 2941 2624 3029 inserviunt.

511 3115 540 3157 ὓ
559 3112 1080 3177 Commandinus
1105 3129 1356 3176 tantum
1377 3111 1568 3175 habet
1590 3113 1636 3144 ‘⁸
1663 3110 2030 3175 Monachus
2057 3111 2223 3173 tertii
2248 3110 2739 3179 Problematis.”

725 3344 1453 3411 LEMMATUM
1525 3342 1892 3409 PAPPI
1967 3344 2852 3415 ALEXANDRINI

619 3482 780 3547 IN
883 3482 1442 3549 LIBROS
1543 3482 1948 3551 Duos
2047 3484 2945 3554 APOLLONII

897 3620 1046 3684 DE
1116 3618 1712 3687 SECTIONE
1781 3622 2681 3705 DETERMINATA

1463 3758 1512 3823 F
1612 3760 1644 3823 1
1741 3760 1810 3825 N
1910 3764 1943 3827 1
2043 3762 2115 3829 S.

1773 4152 1863 4229 H
