4109 5609
1131 422 1314 504 DE
1418 423 2615 506 PORISMATIBUS.
3076 419 3245 526 561

485 641 786 748 guium
818 639 993 740 DE,
1033 643 1197 741 KF,
1247 661 1344 721 ut
1375 643 1592 722 tetsta
1625 643 1796 721 NH
1832 643 1958 721 bis
2007 643 2113 721 ad
2155 645 2343 739 DE3
2418 663 2497 721 et
2540 641 2887 745 duplum
2934 611 3235 721 'eorun-

481 780 678 856 dem
715 779 1330 884 quadratorum,
1379 777 1534 858 hoc
1574 778 1685 857 est
1721 780 2115 885 quadrata
2148 807 2241 858 ex
2277 782 2443 878 DF,
2484 781 2607 857 FE
2640 777 2875 856 fimul
2911 778 3096 858 sunt
3132 779 3237 858 ad

483 915 994 1022 triangulum
1037 915 1268 994 DFE
1314 915 1760 996 dimidium
1806 916 2101 996 scilicet
2143 915 2593 1024 restanguli
2650 916 2838 1011 DE,
2892 917 3067 1015 KF,
3137 935 3239 997 ut

486 3640 701 3720 resta
718 3641 901 3722 NH
935 3639 1062 3719 bis
1101 3639 1204 3718 ad
1235 3641 1404 3717 DH
1439 3638 1878 3717 dimidium
1913 3633 2151 3741 ipfius
2178 3639 2351 3735 DE,
2390 3637 2551 3716 hoc
2576 3638 2683 3715 est
2709 3659 2802 3718 ut
2830 3638 2984 3718 CH
3009 3659 3216 3746 qua-
3370 3577 3374 3582 ยน

489 3797 637 3874 ter,
683 3773 840 3852 five
875 3774 1346 3888 PQquater
1379 3771 1484 3851 ad
1519 3772 1695 3886 Q,
1744 3773 1897 3854 hoc
1935 3773 2043 3850 est
2078 3793 2169 3850 ut
2204 3774 2381 3871 RT,
2428 3771 2583 3852 five
2630 3777 2755 3854 RS
2794 3797 3078 3882 quater
3112 3774 3219 3856 ad

490 3910 660 4010 RC,
708 3909 860 3988 hoc
898 3911 1006 3988 est
1040 3909 1127 3987 in
1161 3908 1471 3989 ratione
1504 3909 1716 3991 data.
1857 3909 1992 4022 Q
2013 3909 2102 3990 E.
2150 3911 2253 3990 D.

625 4181 846 4263 COR.
893 4181 997 4260 Et
1030 4181 1442 4287 produd'ds
1478 4183 1642 4282 DF,
1681 4179 1804 4260 EF
1839 4181 1945 4261 ad
1977 4184 2122 4261 AB
2172 4174 2331 4286 (vel
2367 4178 2470 4262 ad
2506 4182 2881 4291 quamvis
2917 4185 3222 4266 restam

490 4313 634 4422 ipfi
667 4317 1160 4427 parallelam)
1210 4317 1300 4396 in
1330 4317 1442 4417 V,
1480 4319 1592 4419 X,
1653 4317 2170 4398 manifestum
2204 4319 2315 4399 est
2345 4317 2749 4400 summam
2782 4320 3221 4426 quadrato-

491 4479 678 4531 rum
713 4479 808 4532 ex
837 4452 1008 4552 VF,
1047 4455 1186 4533 FX
1224 4451 1372 4534 effe
1403 4454 1506 4534 ad
1538 4455 2045 4563 triangulum
2076 4453 2329 4556 VFX,
2390 4475 2486 4537 ut
2517 4455 2831 4538 summa
2868 4456 3218 4564 quadra-

1693 4591 1760 4670 B
1793 4590 1850 4671 b
1887 4591 1944 4672 b
1980 4593 2038 4672 b
