4109 5609
892 413 1047 500 192
1236 385 1411 465 DE
1476 379 2178 464 sEcTIONE
2243 337 3302 466 DETERMINATA

884 603 1159 706 G,DC
1194 603 1528 712 aequale
1560 603 1671 682 est
1704 599 1851 708 ipfi
1888 601 2116 683 BCE.
2209 601 2335 682 Ut
2377 600 2638 710 igitur
2667 603 3239 713 restangulum
3288 606 3499 686 BAE
3543 607 3656 686 ad

894 745 1165 852 ipsum
1200 743 1433 842 BCE‚
1483 741 1599 820 ita
1634 742 1747 820 est
1780 739 2288 844 quadratum.
2315 766 2412 818 ex
2446 741 2614 818 AH
2647 739 2754 819 ad
2789 742 3292 849 quadratum
3337 770 3434 823 ex
3467 745 3656 826 HC.

897 887 1003 964 Et
1038 883 1235 962 hae'c
1272 880 1385 960 est
1416 881 1663 958 altera
1698 877 2186 959 construffio
2223 905 2388 983 qua
2420 877 2774 958 hnmiri
2805 880 3067 986 potest
3101 883 3508 986 punitum
3531 883 3652 981 H,

877 1044 993 1102 ut
1028 1020 1349 1100 didium
1382 1016 1573 1100 fuit.
3529 1077 3576 1119 0

1032 1155 1521 1265 Apollonius
1558 1173 1833 1234 autem
1868 1153 2033 1232 sola
2079 1151 2378 1232 harum
2421 1152 3122 1234 construffionum
3169 1153 3436 1262 prima
3481 1157 3658 1236 uti-

886 1318 1067 1396 tur,
1121 1292 1519 1402 quoniam
1551 1291 1643 1370 in
1670 1295 1913 1397 Prop.
1965 1315 2088 1400 19.
2137 1289 2544 1374 ostensum
2587 1291 2700 1370 est
2731 1291 3184 1373 :secundam
3209 1319 3324 1372 -ex
3369 1321 3462 1373 ea
3507 1321 3662 1376 ne*

888 1431 1225 1516 ·ceffario
1261 1429 1512 1538 sequi.
1582 1427 1810 1508 I‘dem
1846 1448 2126 1508 autem
2156 1427 2756 1509 observandum
2791 1429 2904 1508 est
2935 1429 3038 1510 de
3071 1431 3662 1511 Determinati-

904 1571 1205 1654 onibus
1256 1567 1795 1675 Epitagmatis
1848 1593 1927 1673 3.
1986 1565 2222 1648 Prob.
2281 1591 2353 1647 ι.
2425 1587 2506 1646 et
2563 1565 3102 1676 Epitagmatis
3155 1595 3232 1675 3.
3293 1570 3530 1651 Prob.
3585 1597 3664 1656 2.

905 1709 1153 1816 hujus
1198 1705 1385 1788 Lib.
1428 1731 1503 1786 2.
1554 1729 1923 1812 quarum
1948 1703 2262 1802 .0lterae
2309 1703 2940 1786 constmfflonoe
2973 1704 3095 1784 .ad
3141 1733 3272 1784 eas
3321 1733 3530 1813 quae
3575 1707 3670 1788 in

904 1847 1059 1930 hoc
1095 1843 1349 1926 Libro
1382 1842 1793 1922 habentur
1825 1839 2121 1922 deduci
2157 1839 2483 1948 pofl'unt
2515 1869 2668 1948 ope
2701 1839 3058 1947 ejusdem
3093 1845 3326 1947 Prop.
3373 1869 3404 1923 1
3423 1873 3498 1953 9.
3537 1847 3670 1926 vel

908 1989 1142 2090 Prop.
1189 2009 1225 2064 1
1242 1985 1318 2065 8.

1022 2118 1432 2237 Qamvis
1446 2137 1735 2198 autem
1760 2114 2218 2226 quaevis-ex
2243 2115 2674 2222 praediffis
2701 2116 3440 2199 construffionibus
3478 2119 3666 2226 qui·

810 2265 817 2272 “
900 2261 1065 2340 bus
1102 2257 1692 2373 determinatur
1726 2257 2132 2361 pundkum
2179 2254 2270 2332 H
2315 2249 2660 2334 sufficiat
2701 2253 3286 2360 Compofitioni
3333 2257 3670 2337 Proble-

903 2395 1183 2495 matis‚
1254 2421 1351 2475 ex
1396 2413 1685 2472 neutra
1732 2414 2010 2472 autem
2054 2390 2328 2470 statim
2371 2389 2876 2500 dignoscitur
2919 2414 3206 2472 utrum
3241 2395 3669 2476 Problema

894 2533 1087 2614 fieri
1122 2529 1377 2639 potest
1412 2555 1521 2608 an
1556 2557 1727 2610 non
1762 2528 1965 2612 fieri.
2046 2527 2728 2609 'Demonstratum
2761 2529 3102 2636 quidem
3137 2532 3277 2632 est,
3323 2529 3382 2610 fi
3419 2531 3670 2614 fue-rit

894 2649 1483 2780 reet'angulum
1524 2668 1740 2747 AEC
1784 2666 1893 2747 ad
1948 2665 2223 2772 ipsum
2265 2667 2482 2745 ABG
2523 2687 2644 2746 ut·
2667 2667 3164 2774 quadmum
3211 2697 3310 2749 ex
3351 2669 3512 2750 ΕΗ
3562 2670 3671 2751 ad

896 2808 1413 2918 ,quadratum
1448 2831 1543 2886 ex
1576 2806 1764 2906 ΗΒ,
1802 2803 2204 2886 rationem
2219 2803 2692 2912 sessanguli
2721 2805 2962 2885 ΑΗΕ
2981 2805 3102 2886 ad
3134 2806 3405 2912 ipsum
3441 2809 3666 2888 EHB

910 2947 1091 3029 fore
1123 2943 1597 3028 maximam.
1704 2945 2019 3023 Utrum
2050 2967 2244 3022 vero
2277 2941 2488 3022 ratio
2529 2941 2726 3022 data
2765 2943 3028 3023 reetae
3067 2945 3228 3025 ΝΟ
3263 2945 3369 3025 ad
3405 2943 3666 3052 ipsam

909 3085 1055 3164 NP
1089 3083 1245 3164 hac
1280 3081 1593 3162 ratione
1616 3079 1989 3160 maxima
2017 3077 2286 3185 major
2325 3075 2424 3160 fit
2467 3105 2576 3159 an
2621 3105 2792 3162 non
2836 3080 3127 3186 major,
3197 3080 3355 3164 hoc
3404 3083 3526 3163 est
3559 3110 3664 3163 u·-

914 3241 1145 3305 trum
1180 3217 1604 3300 Problema
1638 3215 1991 3299 construi
2026 3216 2282 3323 potest
2315 3243 2422 3296 an
2451 3243 2632 3297 non
2663 3217 3020 3298 construi
3053 3218 3324 3298 statim
3359 3220 3666 3328 percipi

902 3385 1093 3444 -non
1138 3357 1419 3466 potest,
1470 3355 1667 3466 quia
1712 3321 2117 3462 ssunekum
2161 3356 2252 3434 H
2299 3375 2378 3434 et
2415 3375 2840 3462 propterea
2877 3357 3356 3466 restangula
3399 3357 3667 3461 AHC,

914 3499 1151 3580 EHB
1184 3523 1355 3578 non
1390 3495 1581 3576 sunt
1614 3493 1829 3574 inter
1859 3519 1953 3574 ea
1987 3519 2196 3599 quae
2231 3491 2422 3572 data
2456 3491 2646 3572 sunt
2679 3492 2774 3571 in
2807 3491 3336 3597 Problemate‚
3399 3495 3538 3578 sed
3571 3523 3668 3577 ex

906 3635 1137 3718 „hisce
1172 3631 1387 3714 datis
1418 3655 1569 3738 ope
1602 3625 2054 3738 praedifiae
2089 3629 2704 3711 construffionis
2741 3630 3232 3711 invenienda
3265 3633 3480 3716 sunt.
3563 3635 3671 3715 Et

922 3791 1251 3880 propter
1282 3769 1499 3850 hanc
1532 3765 1859 3850 causam
1880 3765 2680 3848 Determinationem
2709 3767 2924 3850 hanc
2959 3767 3068 3848 ad
3111 3767 3362 3848 aliam
3405 3771 3670 3852 dedu-

900 3909 1039 3992 ·cit
1072 3905 1557 4016 Apollonius
1590 3905 1680 3986 in
1716 3931 1881 4014 qua
1914 3905 2124 3986 ratio
2159 3905 2522 3984 maxima
2554 3904 2982 3986 exhibetur
3013 3905 3104 3986 in
3150 3908 3668 4016 magnitudi-

922 4047 1177 4128 nibus
1234 4071 1445 4154 quae
1491 4043 1683 4126 data
1724 4043 1915 4124 sunt
1958 4042 2051 4122 in
2089 4041 2270 4174 {psa
2313 4043 2870 4124 enuntiatione
2915 4043 3476 4127 Problematis.
3575 4043 3676 4126 In

913 4183 1569 4266 -Problematibus
1606 4200 1881 4262 autem
1916 4203 2276 4288 quorum
2309 4179 3041 4262 Determinationes
3077 4181 3402 4262 facilius
3435 4181 3672 4263 inve-

926 4322 1301 4422 niuntur,
1338 4347 1508 4402 una
1542 4317 2112 4400 determinatio
2144 4316 2473 4426 utrique
2506 4317 2693 4398 usui
2724 4317 3106 4400 inservire
3129 4319 3420 4426 potest,
3457 4319 3672 4401 utin

902 4457 1621 4546 ,Determinatione
1652 4456 2184 4542 Problematis
2227 4456 2319 4538 in
2345 4459 2598 4565 frop.
2633 4482 2774 4565 43.
2841 4477 2924 4539 et
2969 4479 3258 4539 eorum
3301 4457 3404 4538 in.
3437 4460 3674 4566 Prop.
