4109 5609
994 409 1162 515 584
1620 407 1804 486 DE
1904 405 3110 488 PORISMATIBUS.

987 626 1558 732 retf'tangulum
1593 625 1749 724 PL,
1787 626 1948 702 LH
1983 624 2089 702 ad
2121 623 2389 728 ipsum
2425 622 2617 735 Q,
2648 627 2846 724 KH,
2896 645 2993 703 ut
3026 625 3242 704 recta
3278 624 3442 703 GO
3481 625 3589 702 ad
3624 625 3749 728 ip-

987 762 1160 843 sam
1193 765 1352 843 OF.
1439 763 1572 840 Est
1606 783 1878 840 autem
1915 763 2070 859 PL,
2108 761 2268 838 LH
2305 762 2872 866 redtangulum
2910 762 3241 865 aequale
3276 761 3751 868 reffiangulo

985 900 1158 998 AC,
1190 901 1320 978 CB
1356 920 1434 977 et
1471 892 1994 1004 quadrato'ex
2027 898 2206 994 LC;
2262 918 2339 974 et
2373 894 2733 976 fimiliter
2766 899 3331 1003 reetangulum
3371 897 3567 1008 Q,
3590 899 3755 975 KH

993 1037 1323 1142 aequale
1369 1033 1480 1113 est
1525 1035 1991 1140 red'tangulo
2036 1035 2217 1130 AC,
2256 1035 2402 1110 CB
2452 1055 2531 1112 et
2576 1033 2974 1139 quadrato
3020 1060 3113 1112 ex
3162 1035 3375 1131 KC;
3452 1033 3755 1113 horum

989 1171 1247 1280 igitur
1277 1170 1486 1250 ratio
1522 1171 1804 1249 eadem
1839 1170 1948 1248 est
1983 1169 2281 1248 rationi
2316 1170 2475 1249 GO
2514 1169 2618 1247 ad
2652 1172 2812 1250 OF.
2882 1172 3292 1276 Jungatur
3318 1171 3443 1248 CF
3480 1192 3559 1247 et
3594 1169 3753 1248 cir-

995 1306 1572 1387 cumferentiae
1607 1326 1976 1385 occurrat
2009 1305 2101 1383 in
2146 1306 2273 1403 M,
2326 1325 2405 1384 et
2436 1306 2727 1411 juncff’ta
2770 1307 2953 1384 MG
3001 1328 3371 1384 occurrat
3417 1302 3564 1411 ipfi
3610 1307 3757 1384 DE

995 1442 1088 1520 in
1121 1445 1227 1524 N.
1339 1440 1602 1548 Igitur
1632 1441 1854 1520 idem
1889 1439 2349 1523 ostendetur
2382 1441 2482 1520 de
2528 1439 2846 1522 inflexis
2894 1443 3104 1543 GM,
3147 1444 3329 1540 FM,
3379 1440 3612 1546 quod
3657 1441 3759 1519 de

997 1575 1181 1683 ipfis
1217 1577 1422 1675 GH,
1462 1577 1609 1656 FH
1631 1575 1810 1681 jam
1845 1577 2244 1656 ostensum
2281 1577 2419 1676 est,
2470 1578 2765 1658 scilicet
2812 1579 3381 1684 restangulum
3416 1580 3591 1677 AC,
3622 1577 3754 1656 CB

1000 1733 1081 1794 et
1126 1711 1621 1820 quadratum
1667 1740 1760 1792 ex
1805 1714 1950 1792 ΝΟ
1999 1711 2147 1792 esse
2192 1712 2298 1791 ad
2340 1715 2907 1820 restangulum
2950 1716 3123 1811 AC,
3173 1715 3333 1811 CB,
3400 1736 3496 1791 ut
3538 1715 3755 1794 refia

887 1855 940 1908 ὓ*
1001 1849 1164 1930 GO
1209 1850 1312 1929 ad
1357 1846 1619 1955 ipsam
1662 1851 1824 1932 OF.
1938 1850 2061 1929 Ut
2106 1849 2361 1956 igitur
2404 1851 2971 1958 redtangulum
3014 1851 3186 1949 AC,
3238 1851 3371 1928 CB
3420 1870 3501 1928 et
3547 1878 3753 1955 qua-

995 1987 1332 2066 dratum
1378 2013 1472 2064 ex
1515 1987 1675 2064 ΝΟ
1719 1985 1826 2063 ad
1870 1986 2436 2092 refiangulum
2496 1987 2680 2084 AC,
2732 1987 2904 2086 CB,
2977 1986 3093 2065 ita
3152 1985 3261 2063 est
3317 1987 3753 2093 morangu-

998 2124 1176 2202 Ium
1209 2121 1393 2221 AC,
1436 2122 1580 2199 CB
1628 2142 1707 2200 et
1751 2122 2247 2227 quadratum
2294 2147 2389 2198 ex
2432 2122 2582 2200 LC
2630 2121 2733 2200 ad
2768 2122 3337 2229 refiangulum
3378 2124 3567 2221 AC,
3606 2125 3752 2200 CB

893 2333 897 2336 .
995 2279 1081 2338 et
1141 2258 1638 2364 quadratum
1695 2284 1790 2336 ex
1849 2257 2050 2355 ΚΟ,
2029 2290 2048 2309 ·
2126 2275 2373 2362 quare
2419 2277 2499 2336 et
2542 2256 2982 2363 reliquum,
3054 2256 3397 2336 excessus
3459 2258 3755 2338 scilicet

997 2393 1588 2500 quadratorum
1621 2419 1714 2472 ex
1747 2394 1922 2491 ΝΟ,
1961 2393 2099 2470 LC
2136 2393 2245 2472 est
2279 2392 2383 2470 ad
2416 2393 2856 2498 reliquum,
2923 2395 3415 2499 quadratum
3460 2393 3752 2474 scilicet

877 2549 940 2656 ᾗ·
1003 2555 1098 2608 ex
1132 2529 1306 2628 ΚΟ,
1355 2550 1451 2608 ut
1483 2530 1654 2627 AC,
1681 2530 1815 2608 CB
1847 2528 2419 2636 re&angulum
2454 2549 2532 2608 et
2567 2529 3059 2633 quadratum
3095 2556 3189 2606 ex
3222 2532 3369 2608 ΝΟ
3406 2530 3513 2608 ad
3545 2531 3751 2610 re&-

1005 2665 1405 2773 angulum
1435 2643 1608 2764 AC,
1649 2666 1807 2747 ΟΒ.
1893 2663 2325 2776 Qoniam
2360 2692 2549 2743 vero
2582 2664 2769 2743 data
2806 2666 2941 2764 est,
2992 2693 3087 2742 ex
3122 2663 3572 2771 hypothesi,
3620 2695 3751 2746 ra-

1001 2799 1120 2881 tio
1163 2801 1529 2880 summae
1573 2799 2162 2906 quadratorum
2198 2827 2292 2878 ex
2334 2803 2534 2899 DK,
2588 2801 2745 2878 KE
2792 2801 2896 2880 ad
2941 2803 3512 2908 restangulum
3558 2804 3745 2901 DL,

998 2938 1170 3036 LE,
1233 2936 1426 3017 data
1470 2935 1620 3017 erit
1665 2936 1872 3029 ratio
1918 2935 2247 3048 dimidii
2291 2934 2536 3040 hujus
2584 2936 2975 3035 summae,
3038 2937 3191 3015 hoc
3240 2938 3348 3016 est
3393 2937 3752 3016 summae

993 3072 1590 3180 quadratorum
1625 3099 1719 3151 ex
1753 3072 1927 3171 ΚΟ,
1956 3071 2091 3150 ΟΕ
2116 3071 2221 3149 ad
2254 3071 2474 3150 idem
2508 3073 3102 3179 red’tangulum,
3141 3071 3295 3151 hoc
3333 3072 3443 3151 est
3478 3074 3583 3152 ad
3614 3101 3749 3152 ex-

1004 3208 1304 3289 cefl'um
1329 3209 1924 3314 quadratorum
1957 3235 2053 3287 ex
2086 3206 2252 3306 LC,
2293 3208 2453 3308 ΟΕ,
2494 3229 2570 3286 et
2607 3207 2911 3288 inverse
2945 3208 3133 3285 data
3170 3209 3319 3287 erit
3352 3209 3562 3288 ratio
3595 3209 3747 3288 hu-

992 3345 1132 3450 jus
1168 3342 1510 3425 exceffus
1545 3344 1650 3423 ad
1685 3343 2093 3424 summam
2125 3341 2377 3425 illam.
2426 3345 2530 3422 Et
2561 3341 2947 3442 similiter,
2989 3345 3381 3449 quoniam
3418 3341 3750 3423 inflexae

952 3453 1194 3560 ‘sunt
1240 3481 1425 3579 FM,
1465 3481 1675 3578 GM,
1741 3479 1918 3578 erit,
1983 3506 2079 3558 ex
2122 3477 2569 3586 hypothesi,
2635 3477 2976 3560 exceffus
3026 3480 3616 3584 quadratorum
3658 3507 3749 3560 ex

1006 3617 1181 3714 ΝΟ,
1200 3617 1334 3694 ΟΕ
1370 3614 1476 3694 ad
1509 3615 2002 3720 quadratum
2027 3642 2121 3694 ex
2154 3615 2288 3696 ΟΕ
2320 3615 2412 3694 in
2445 3615 2729 3694 eadem
2762 3616 2950 3694 data
2973 3616 3307 3730 ratione.
3332 3617 3479 3696 Ut
3504 3616 3749 3725 igitur

1007 3748 1350 3830 excessus
1388 3751 1974 3856 quadratorum
2008 3777 2103 3830 ex
2134 3752 2310 3851 ΝΟ,
2328 3752 2463 3830 ΟΕ
2492 3749 2603 3829 ad
2636 3752 3132 3857 quadratum
3168 3779 3261 3830 ex
3298 3752 3461 3850 ΟΕ,
3500 3753 3615 3831 ita
3648 3753 3751 3832 est

1005 3883 1348 3968 exceffus
1386 3887 1972 3994 quadratorum
2007 3913 2102 3968 ex
2124 3887 2290 3986 LC,
2318 3889 2453 3964 ΟΕ
2476 3887 2583 3968 ad
2616 3887 3025 3968 summam
3050 3887 3635 3993 quadratorum
3658 3915 3749 3969 ex

1003 4025 1178 4122 ΚΟ,
1229 4023 1416 4122 ΟΕ.;
1489 4049 1739 4131 quare
1780 4021 2222 4128 reliquum,
2282 4020 2625 4104 exceffus
2686 4023 2982 4105 scilicet
3028 4023 3615 4130 quadratorum
3657 4052 3748 4104 ex

1005 4161 1180 4259 ΝΟ,
1218 4161 1356 4240 LC
1391 4159 1501 4239 est
1535 4160 1642 4238 ad
1673 4158 2115 4266 reliquum,
2165 4159 2660 4266 quadratum
2693 4159 2987 4241 scilicet
3020 4183 3114 4240 ex
3148 4161 3323 4259 ΚΟ,
3360 4182 3456 4240 ut
3492 4145 3747 4241 extes-

573 4324 620 4401 1-
640 4315 800 4383 vid.
821 4316 989 4381 hane
1008 4297 1138 4378 sus
1175 4297 1760 4402 quadratorum
1793 4322 1889 4374 ex
1918 4296 2095 4394 ΝΟ,
2135 4295 2269 4376 ΟΕ
2304 4294 2410 4376 ad
2446 4296 2939 4402 quadratum
2972 4323 3067 4376 ex
3103 4298 3259 4378 ΟΕ.
3355 4297 3459 4375 Et
3491 4297 3655 4377 fuit
3690 4293 3745 4401 †

671 4431 918 4482 ³⁰‘²¹¹¹·
1000 4430 1350 4538 exceffus
1397 4431 1983 4542 quadratorum
2027 4458 2124 4514 ex
2167 4431 2355 4536 NG,
2402 4433 2541 4518 LC
2586 4429 2692 4512 ad
2714 4431 3227 4546 'quadratum
3273 4457 3369 4510 ex
3415 4435 3591 4536 ΚΟ,
3658 4453 3748 4513 ut
