4109 5609
792 395 957 454 210
1128 365 1307 444 DE·
1368 362 2070 443 SECTIONE
2140 359 3199 440 DETERMINATA

784 605 1140 695 ponatur
1170 581 1371 664 AE
1351 610 1443 662 m
1477 583 1621 660 BA
1656 580 2078 687 produe'ta.
2147 577 2504 660 Totum
2485 575 2770 688 lgitur,
2796 579 3366 686 testangulum
3401 577 3550 658 sci}-

782 727 972 806 licet
993 725 1178 822 DA,
1208 723 1343 800 EC
1370 720 1649 800 datam
1674 718 1921 797 habet
1944 716 2348 798 rationem
3571 737 3578 744 ·
3743 803 3750 812 ,

786 863 895 944 ad
930 859 1440 970 quadratum
1464 887 1559 938 ex
1596 859 1753 939 CB.
1824 854 2058 936 Datis
2096 854 2380 963 igitut
2488 896 2568 974 D
2629 893 2696 972 E
2868 893 2945 972 Α
3265 891 3330 968 Β
3485 892 3578 970 C'.

787 1000 1113 1080 duobus
1157 995 1485 1104 punffis
1523 999 1619 1095 Ε,
1660 998 1723 1074 Β
1760 993 2352 1074 inveniendum
3559 1031 3566 1039 ·

794 1138 905 1218 est
932 1135 1297 1216 tertium·
1292 1135 1367 1214 C
1393 1155 1612 1212 extra
1649 1131 1817 1240 ipsa
1854 1131 2080 1237 quod
2114 1131 2358 1211 faciet

788 1272 1369 1380 restangulum
1404 1299 1452 1350 a
1486 1269 1899 1378 segmento
1936 1270 2074 1348 CE
2103 1267 2317 1348 inter
2353 1267 2738 1374 ipsum-et
2771 1269 3192 1371 pumstum
3213 1267 3282 1346 E
3315 1267 3422 1346 ab
3457 1293 3570 1346 eo

790 1409 1185 1490 remotius
1234 1429 1313 1488 et
1372 1406 1565 1488 data
1623 1405 1839 1486 resta
1882 1407 2038 1486 AD
2086 1405 2194 1485 ad
2238 1405 2738 1512 quadratum.
2777 1431 2882 1486 ex
2923 1403 3126 1484 CB
3103 1432 3197 1484 m
3237 1404 3578 1484 ratione:

790 1549 1008 1647 data,
1061 1545 1289 1653 quod
1320 1544 1460 1626 fiet
1493 1572 1643 1652 ope
1678 1547 1909 1649 Prop.
1944 1569 2088 1648 44.

934 1826 1167 1902 PARS
1212 1849 1285 1928 3.
1354 1819 1731 1924 Denique
1776 1816 1878 1898 111:
1916 1817 2492 1924 restangulum
2537 1816 2712 1915 CA,
2755 1815 2912 1894 AD
2969 1816 3262 1896 datum
3318 1812 3578 1895 fimut‘

796 1987 992 2040 cum
1028 1963 1120 2039 e'o
1157 1958 1264 2038 ad
1300 1957 1527 2065 quod
1562 1955 2058 2062 quadratum
2103 1981 2198 2034 ex
2233 1956 2366 2033 CB
2403 1955 2682 2032 datam
2717 1951 2964 2034 habet
2997 1953 3429 2053 rationem,
3479 1974 3580 2030 et·

796 2095 891 2178 fit
926 2097 1219 2178 datum-
1252 2095 1586 2202 aequale
1616 2093 2102 2202 restangulo
2123 2095 2326 2191 AD
2345 2093 2526 2191 ΑΕ,
2583 2110 2666 2170 et
2696 2113 3052 2196 ponatur
3093 2093 3240 2172 ΑΕ
3285 2091 3559 2170 versus

798 2257 1062 2342 partes
1111 2233 1397 2340 punzsti
1447 2233 1537 2312 B.
1632 2231 2053 2342 Qoniam
2100 2229 2356 2337 igitur
2525 2251 2532 2258 '

801 2372 1370 2478 retstangulum
1428 2371 1613 2467 DA,
1660 2371 1803 2446 AC
1860 2365 2098 2444 fimul
2159 2393 2358 2445 cum
2489 2407 2568 2482 D
2695 2405 2775 2482 Α
2877 2367 2884 2374 ’
3039 2406 3114 2482 Β
3313 2407 3380 2484 C
3495 2395 3590 2483 E·

802 2508 971 2614 ipso
1005 2509 1189 2606 DA,
1220 2509 1356 2586 CE
1394 2507 1723 2610 aequale
1760 2505 1871 2585 est
1904 2505 2096 2584 dato
2143 2505 2355 2582 rest-³
2514 2539 3556 2584 -.-ι....-.-..ι..........·.........

805 2646 1107 2753 angulo
1152 2646 1335 2742 DA,
1374 2644 1547 2742 ΑΕ,
1589 2641 1739 2721 erit
1772 2641 2350 2749 reQangulum

802 2785 987 2883 DA,
1028 2785 1161 2862 CE
1197 2783 1286 2862 id
1322 2780 1427 2862 ad
1462 2780 1687 2887 quod
1722 2779 2218 2886 quadratum
2253 2805 2350 2857 ex
2375 2782 2507 2859 CB
2543 2781 2825 2860 datam
2858 2779 3104 2860 habet
3138 2780 3572 2863 rationem.
3663 2779 3670 2784 ’

802 2920 1035 3000 Datis
1070 2921 1328 3028 igitur
1362 2917 1685 3022 duobus
1720 2917 2046 3024 punffis
2087 2919 2180 3015 B,
2223 2915 2293 2992 E
2335 2917 2923 2998 inveniendum
2971 2918 3082 2996 est
3125 2918 3462 2997 tertium
3499 2919 3586 2997 Ο

808 3057 1021 3136 inter
1054 3085 1147 3134 ea
1194 3056 1421 3162 quod
1453 3053 1697 3132 faciet
1742 3055 2322 3160 restangulum-
2345 3083 2406 3132 a.
2431 3055 2845 3164 segmento
2879 3055 3016 3135 GE
3051 3053 3268 3134 inter·
3297 3054 3580 3159 ipsum=

810 3214 886 3272 et
922 3193 1268 3271 alterum
1304 3219 1400 3272 ex
1433 3191 1758 3298 punfiis
1786 3190 1995 3270 datis
2021 3193 2090 3269 E
2114 3191 2203 3268 in
2237 3191 2430 3272 data
2461 3193 2776 3274 ratione
2807 3191 2914 3274 ad
2949 3193 3450 3299 quadratum
3473 3219 3580 3272 ex.

808 3329 1122 3453 reliqqo
1158 3329 1573 3440 segmento
1608 3329 1775 3428 CB,
1822 3329 2047 3435 quod
2083 3327 2221 3408 fiet
2255 3355 2407 3434 ope
2439 3333 2671 3437 Prop.
2707 3355 2860 3436 42.

1506 3603 1575 3681 C
1618 3604 1851 3711 ΟΒ..
1945 3604 2024 3681 Α
2068 3605 2149 3680 D
2253 3606 2429 3683 PR
2475 3606 2692 3686 OB.
2761 3606 2864 3685 112

929 3743 1057 3820 -Et
1090 3737 1149 3818 fi
1184 3740 1683 3846 quadratum
1716 3766 1813 3819 ex
1845 3740 1979 3818 CB
2014 3738 2309 3842 majus,
2359 3762 2504 3820 aut
2536 3740 2816 3820 minus
2849 3735 3100 3820 fuerit
3133 3743 3570 3852 restangu·

814 3879 897 3957 lo
930 3878 1105 3977 CA,
1142 3879 1298 3956 AD
1331 3877 1553 3977 date,
1604 3885 1861 3984 quam
1894 3877 1985 3955 in
2018 3875 2360 3978 ratione,
2411 3878 2564 3958 erit
2595 3879 3168 3986 refiangulum
3207 3875 3378 3980 CA,
3416 3883 3589 3960 AD

814 4013 1124 4118 minus,
1179 4034 1323 4094 aut
1354 4013 1620 4119 majus
1660 4015 2058 4120 quadrato
2099 4041 2194 4094 ex
2227 4015 2361 4094 CB
2397 4016 2620 4116 dato,
2657 4043 2914 4124 quam
2946 4015 3038 4096 in
3073 4017 3385 4111 ratione
3429 4045 3578 4125 per

816 4155 1047 4258 Prop.
1099 4179 1221 4256 14.
1258 4154 1447 4234 Dat.
1482 4151 1575 4230 in
1610 4151 1827 4233 Edit.
1864 4151 2142 4261 Glasg.
2204 4153 2440 4262 1762.
2545 4153 2742 4234 Etfi
2777 4155 3272 4262 quadratum
3309 4184 3403 4235 ex
3439 4159 3570 4236 CB

816 4289 1109 4370 datum
1144 4289 1392 4369 fuerit
1424 4287 1665 4369 fimul
1700 4317 1893 4370 cum
1926 4317 2021 4370 eo
2057 4289 2162 4368 ad
2197 4291 2420 4397 quod
2454 4289 3026 4400 restangulum
3050 4285 3218 4390 CA,
3249 4295 3404 4371 AD
3429 4294 3570 4371 da-

814 4447 991 4508 tam
1024 4426 1271 4512 habet
1302 4426 1735 4531 rationem,
1786 4427 1935 4509 erit
1967 4429 2541 4540 reetangulum
2575 4431 2764 4531 CA,
2797 4433 2952 4512 AD
2995 4431 3298 4512 datum:
3335 4427 3570 4510 fimul
