4109 5609
740 604 1845 734 QUANTITATUM
1914 602 2078 693 ET·
2141 602 2949 692 RATIONUM.
3111 632 3216 713 33

456 837 565 921 ad
598 838 733 921 CL
770 840 1051 921 datam
1084 835 1335 920 habet
1364 834 1767 917 rationem
1790 856 2047 941 quam
2079 823 2330 915 habet
2349 822 2498 911 ΑΕ
2529 826 2636 909 ad
2659 828 2838 912 CG.
2906 826 3032 907 Ut
3065 851 3220 905 au·-

454 978 807 1061 temAE
837 977 944 1060 ad
976 976 1161 1078 CG,
1196 974 1316 1055 ita
1348 972 1627 1055 estAB
1652 970 1759 1053 ad
1804 972 1995 1067 CK;
2067 996 2262 1081 ergo
2291 988 2392 1051 ut
2420 968 2568 1051 AB
2603 966 2710 1049 ad
2745 968 2920 1069 CK,
2956 961 3076 1045 ita
3105 962 3220 1044 est

1175 1258 1257 1337 A
1872 1244 2084 1331 EF
2262 1244 2500 1331 ΜΒ

1207 1385 2466 1433 -ψ--Ι-Ι-ὴ-ὲ--ο

802 1574 873 1659 C
1662 1574 1944 1658 GH
2199 1566 2812 1656 KLDN

458 1934 639 2023 AM
685 1936 791 2019 ad
840 1934 1004 2018 CL.
1098 1934 1220 2015 Ex
1262 1925 1687 2043 hypothesi
1733 1955 2008 2016 autem
2051 1934 2198 2014 AB
2243 1930 2506 2038 major
2547 1929 2660 2015 est
2703 1930 2911 2036 AM,
2959 1935 3220 2041 major

459 2072 721 2186 igitur
763 2073 875 2155 est
907 2073 1053 2153 CK
1088 2098 1341 2179 quam
1374 2072 1507 2152 CL
1548 2068 1727 2181 [14.
1766 2068 1887 2181 5.]
1934 2072 2070 2152 sed
2105 2090 2184 2151 et
2227 2069 2528 2170 minor,
2581 2072 2806 2179 quod
2839 2070 3014 2153 fieri
3049 2096 3222 2155 non

461 2214 743 2321 potest.
786 2214 979 2293 Non
1013 2207 1267 2316 igitur
1298 2208 1411 2288 est
1440 2209 1588 2289 ΑΕ
1624 2209 1731 2290 ad
1764 2209 1915 2289 CG
1950 2226 2045 2289 ut
2077 2208 2222 2288 AB
2259 2206 2364 2285 ad
2399 2206 2762 2313 aliquam
2795 2210 3222 2319 magnitu-

460 2348 747 2429 dinem
792 2372 1002 2453 quae
1069 2344 1345 2425 minor
1386 2345 1497 2425 est
1540 2344 1713 2451 ipsa
1770 2346 1953 2428 CD.
2058 2344 2364 2425 Eadem
2408 2325 2719 2426 ratione
2763 2346 3226 2430 ostendetur

462 2511 733 2593 neque
775 2480 925 2563 effe
970 2480 1119 2561 CG
1157 2481 1262 2561 ad
1293 2478 1469 2581 AE,
1494 2502 1593 2561 ut
1635 2482 1781 2561 CD
1816 2476 1923 2561 ad
1958 2474 2322 2589 aliquam
2358 2482 3018 2589 magnitudinem
3054 2484 3217 2564 mi—

460 2648 751 2703 norem
784 2619 953 2727 ipsa
983 2618 1153 2699 AB.
1214 2617 1827 2699 ostendendum
1860 2619 2099 2698 restat
2131 2643 2399 2724 neque
2422 2614 2571 2697 effe
2603 2634 2698 2698 ut
2721 2620 2868 2698 ΑΕ
2893 2621 2998 2700 ad
3033 2622 3214 2724 CG,

462 2758 585 2840 ita
615 2760 759 2837 AB
795 2756 902 2837 ad
935 2754 1298 2861 aliquam
1340 2754 2003 2863 magnitudinem
2025 2782 2240 2862 quae
2260 2753 2524 2859 major
2557 2750 2668 2835 est
2688 2753 2859 2861 ipsa
2893 2758 3062 2841 CD.
3133 2758 3220 2840 Si

464 2895 691 2978 enim
714 2892 891 2973 fieri
915 2890 1197 2999 potest,
1223 2888 1319 2970 fit
1342 2890 1489 2970 ΑΕ
1524 2892 1629 2972 ad
1655 2890 1803 2972 CG
1828 2912 1926 2971 ut
1947 2892 2092 2969 AB
2129 2890 2234 2970 ad
2259 2892 2404 2969 CN
2429 2890 2820 2996 majorem
2854 2892 3022 2998 ipsa
3047 2894 3222 2980 CD.

463 3028 951 3111 Invertendo
984 3026 1244 3136 igitur
1264 3026 1415 3107 erit
1439 3026 1589 3106 CG
1626 3027 1731 3107 ad
1764 3028 1909 3107 ΑΕ
1930 3048 2026 3107 ut
2062 3026 2206 3106 CN
2232 3027 2337 3107 ad
2361 3028 2531 3109 AB.
2579 3026 3000 3140 Qoniam
3032 3058 3226 3113 vero

464 3170 579 3250 est
624 3168 771 3248 CN
813 3163 1075 3270 major
1119 3165 1295 3265 CD,
1342 3164 1495 3245 erit
1540 3164 1687 3243 CN
1722 3164 1828 3243 ad
1868 3164 2045 3263 AB,
2092 3184 2190 3242 ut
2224 3163 2370 3243 CD
2415 3162 2522 3243 ad
2566 3164 3230 3274 magnitudinem

465 3304 639 3412 ipsa
670 3306 817 3384 AB
850 3302 1255 3382 minorem
1293 3297 1471 3407 [14.
1508 3296 1631 3409 5.]
1708 3300 1926 3409 Ergo
1958 3320 2058 3380 ut
2091 3300 2240 3381 CG
2289 3299 2399 3379 est
2431 3299 2537 3378 ad
2570 3302 2746 3401 AE,
2793 3300 2910 3382 ita
2943 3305 3086 3384 CD
3121 3304 3232 3385 ad.

454 3438 1133 3550 ,magnitudinem
1176 3436 1583 3517 minorem
1628 3436 1799 3545 ipsa
1830 3438 1975 3517 AB
2023 3436 2249 3545 quod
2287 3434 2464 3516 fieri
2509 3458 2680 3518 non
2714 3435 2926 3543 pofl‘e
2959 3440 3230 3520 osten-

469 3576 654 3659 sum
686 3576 819 3657 est.
922 3572 1116 3655 Non
1149 3572 1406 3681 igitur
1436 3594 1535 3655 ut
1566 3573 1713 3653 ΑΕ
1744 3574 1851 3655 ad
1885 3574 2033 3654 CG
2069 3572 2189 3654 ita
2233 3574 2343 3654 est
2374 3575 2518 3653 AB
2565 3575 2672 3656 ad
2715 3576 3230 3685 magnitudi-

470 3740 667 3793 nem
712 3710 1079 3817 aliquam
1120 3708 1300 3817 ipsa
1331 3709 1477 3789 CD
1521 3708 1960 3815 majorem:
2034 3710 2436 3789 ostensum
2483 3732 2763 3792 autem
2804 3712 2914 3793 est
2965 3739 3233 3821 neque

475 3848 581 3929 ad
612 3846 1056 3928 minorem:
1107 3871 1362 3952 quare
1394 3866 1491 3926 ut
1521 3846 1669 3925 ΑΕ
1701 3847 1807 3926 ad
1841 3846 1991 3926 CG
2027 3845 2146 3926 ita
2179 3845 2288 3924 est
2318 3846 2465 3924 AB
2499 3848 2604 3927 ad
2638 3848 2808 3932 CD.
2881 3848 3230 3963 QEUD

610 3985 841 4065 Haec
900 3980 1011 4064 est
1053 3976 1490 4089 propofitio
1530 3982 1927 4091 generalis
1958 4008 2171 4089 quae
2216 3980 2651 4064 adhibetur
2681 3984 2774 4063 in
2807 3986 3099 4092 Propp.
3145 4014 3226 4089 α,

478 4148 563 4227 5,
612 4144 645 4199 1
669 4145 744 4220 1,
802 4144 933 4219 12,
980 4120 1111 4218 18,
1146 4116 1335 4205 Lib.
1384 4142 1510 4201 12.
1545 4118 1776 4201 Eucl.
1810 4119 2256 4226 multisque
2298 4116 2481 4199 aliis
2516 4104 2608 4199 in
2652 4117 2832 4200 aliis
2871 4124 3231 4203 auetori-

472 4254 667 4357 bus‚
702 4276 785 4337 et
817 4279 1030 4363 quae
1059 4251 1319 4334 semel·
1334 4252 1905 4357 demonstrata,
1940 4276 2041 4336 ut
2059 4254 2242 4361 jam
2274 4253 2620 4355 saelum,
2654 4254 3234 4367 propositiones

478 4418 611 4481 eas
646 4391 1055 4477 breviores
1088 4388 1419 4476 reddere
1449 4390 1731 4500 potest.

1428 4658 2272 4745 FINIS.
