4109 5609
1121 430 1302 516 DE
1407 426 2563 519 LoGAR1THM1s
3178 467 3231 549 3

1374 697 2069 788 LEMMA
2206 699 2312 792 V.

445 931 514 976 “²
567 929 742 1044 QJ
761 923 1134 1008 AEVIS
1181 927 1390 1006 ratio
1424 929 1568 1007 AB
1607 929 1710 1007 ad
1749 929 1880 1007 BC
1915 929 2301 1034 componi
2336 929 2591 1034 potest
2637 958 2731 1009 ex
2768 933 3227 1016 rationibus

453 1073 512 1112 ‘⁶
566 1069 776 1147 inter
811 1067 886 1145 se
919 1065 1234 1164 iisdem,
1297 1091 1652 1171 quarum
1687 1093 1856 1144 una
1889 1064 2167 1146 minor
2198 1064 2294 1145 fit
2340 1067 2627 1174 quavis
2678 1069 2991 1152 ratione
3036 1072 3227 1153 data

428 1211 514 1248 '¹³‘
563 1208 710 1284 DB
747 1204 850 1283 ad
891 1197 1102 1286 BC.'’

587 1343 760 1422 Fiat
817 1341 1050 1420 series
1109 1337 1486 1446 deinceps
1545 1339 2308 1445 proportionalium,
2378 1369 2733 1446 quarum
2803 1344 3071 1449 prima
3118 1347 3229 1427 e'st

445 1481 612 1580 BC,
665 1499 742 1558 et
791 1477 1136 1558 secunda
1181 1477 1354 1576 BD,
1415 1498 1494 1556 et
1538 1477 2067 1557 continuetur
2113 1477 2227 1556 ita
2272 1499 2369 1558 ut
2414 1478 2711 1558 ultima
2754 1507 3037 1562 earum
3086 1487 3227 1567 ΒΕ.

437 1617 712 1721 major
741 1613 838 1695 fit
873 1641 1128 1722 quam
1162 1615 1332 1714 BA,
1394 1615 1619 1721 quod
1649 1613 1828 1694 fier-i
1861 1615 2123 1720 potest
2157 1641 2301 1720 per
2331 1616 2674 1695 Lemma
2708 1642 2791 1720 4.
2854 1641 2941 1700 et
2986 1648 3223 1704 com-

444 1775 832 1866 ponam-r,
885 1751 1110 1859 quod
1143 1750 1319 1832 fieri
1353 1753 1608 1858 potest
1651 1777 1794 1858 per
1838 1753 2183 1831 Lemma
2232 1777 2299 1834 1.
2348 1753 2555 1834 ratio
2600 1755 2743 1832 AB
2792 1755 2899 1836 ad
2944 1759 3078 1838 BC
3120 1787 3221 1841 ex

445 1890 904 1971 rationibus
941 1889 1153 1970 inter
1185 1888 1262 1968 se
1297 1887 1611 1988 iisdem,
1664 1911 2020 2009 quarum
2055 1915 2447 1970 numerus
2496 1890 2759 1996 major
2786 1889 2883 1972 fit
2912 1921 3217 1976 nume-

441 2053 543 2110 'to
589 2027 1034 2126 rationum,
1106 2052 1317 2134 quae
1361 2053 1542 2104 eae-

438 2163 640 2248 dem
677 2166 863 2244 sunt
899 2162 1198 2243 rationi
1242 2163 1389 2242 DB
1437 2163 1542 2244 ad
1681 2201 1748 2282 E
2072 2205 2148 2282 A
2184 2203 2243 2282 F
2556 2203 2637 2284 D
2662 2208 2741 2286 G
2774 2205 2843 2287 C
3149 2206 3219 2288 B

441 2301 612 2404 BC,
677 2330 772 2383 ex
803 2299 1110 2408 quibus
1144 2297 1544 2405 compofi-
1669 2339 3211 2384 ...-..........-1...=.....-......·.-2..2..-...-..

435 2459 526 2520 'ta
586 2441 698 2520 est
755 2437 964 2518 ratio
1025 2439 1156 2516 ΕΒ
1215 2435 1324 2516 ad
1383 2437 1542 2520 BG.

435 2579 564 2658 Sit
609 2577 816 2656 ratio
860 2577 1004 2655 AB
1051 2574 1158 2654 ad
1205 2575 1330 2653 BF
1375 2601 1542 2653 una
1589 2601 1684 2654 ex
1729 2575 1830 2655 iis
1871 2595 1973 2654 ex
2013 2573 2323 2680 quibus
2366 2549 2809 2682 compofita
2852 2581 2966 2660 est
3006 2575 3215 2666 rat‘m

441 2717 584 2794 AB
623 2716 728 2795 ad
766 2715 939 2812 BG3
1013 2711 1106 2791 fit
1142 2734 1416 2792 autem
1453 2712 1656 2791 ratio
1695 2715 1838 2792 AB
1877 2711 1980 2791 ad
2016 2713 2165 2792 BG
2204 2733 2297 2791 ea
2334 2740 2432 2792 ex
2478 2713 2693 2794 hisce
2736 2719 3207 2825 composita,

437 2879 799 2961 quarum
834 2877 1226 2931 numerus
1261 2849 1480 2928 idem
1519 2849 1628 2928 est
1675 2877 1868 2932 cum
1915 2875 2260 2929 numero
2306 2848 2723 2931 rationum
2764 2881 2865 2934 ex
2902 2857 3209 2964 quibus

440 2987 883 3096 compofita
917 2989 1028 3068 est
1061 2987 1267 3067 ratio
1305 2987 1438 3066 ΕΒ
1474 2985 1578 3066 ad
1615 2989 1774 3069 BG.

583 3125 1004 3242 Qoniam
1050 3123 1306 3231 igitur
1347 3123 1556 3205 ratio
1599 3126 1744 3203 AB
1787 3123 1895 3202 ad
1943 3123 2075 3202 BC
2122 3116 2559 3229 eompofita
2624 3123 2737 3204 est
2781 3154 2877 3207 ex
2920 3120 3211 3237 majori

447 3291 792 3344 numero
827 3261 1268 3342 earundem
1301 3261 1716 3340 rationum
1753 3251 2008 3367 quam
2042 3261 2250 3340 ratio
2282 3263 2425 3340 AB
2460 3261 2569 3340 ad
2605 3263 2756 3343 BG
2774 3297 2799 3362 3
2872 3267 3030 3348 erit
3074 3297 3209 3347 ra-

445 3402 564 3482 tio
600 3405 740 3480 AB
782 3401 886 3480 ad
931 3401 1064 3478 BC
1111 3396 1372 3502 major
1415 3397 1728 3477 ratione
1773 3397 1916 3477 AB
1963 3398 2071 3478 ad
2117 3399 2298 3497 BG,
2347 3424 2488 3503 per
2534 3398 2877 3480 Lemma
2928 3429 3021 3503 23
3094 3400 3207 3486 est

445 3539 702 3646 igitur
747 3539 880 3617 BC
925 3536 1198 3615 minor
1243 3561 1495 3640 quam
1541 3535 1722 3633 BG,
1775 3530 1951 3642 [10.
2001 3531 2121 3644 5.]
2188 3556 2265 3614 et
2310 3536 2419 3614 est
2465 3535 2598 3614 ΕΒ
2646 3536 2907 3643 major
2950 3569 3207 3648 quam

443 3679 616 3776 AB,
681 3675 936 3783 igitur
979 3672 1185 3752 ratio
1231 3672 1364 3750 ΕΒ
1401 3671 1508 3750 ad
1542 3673 1676 3750 BG
1709 3673 1970 3782 major
2005 3673 2115 3752 est
2158 3670 2471 3752 ratione
2513 3675 2657 3752 AB
2705 3669 2811 3755 ad
2857 3679 3009 3759 BG
3028 3713 3053 3778 3
3127 3700 3207 3761 et

439 3810 924 3919 compofitae
959 3809 1145 3890 sunt
1179 3807 1330 3888 hae
1353 3808 1700 3889 rationes
1727 3835 1822 3888 ex
1845 3807 2129 3890 eodem
2154 3833 2499 3888 numero
2523 3812 2963 3917 rationum,
2995 3845 3205 3924 qua-

443 3978 528 4030 re
577 3947 844 4059 [Lem.
885 3945 1002 4054 3.]
1049 3946 1259 4025 ratio
1293 3948 1438 4026 DB
1483 3947 1590 4026 ad
1626 3947 1758 4025 BC
1791 3969 1962 4026 una
1995 3945 2227 4027 exiis
2276 3973 2370 4024 ex
2416 3945 2719 4050 quibus
2766 3953 3207 4062 compofita

439 4091 553 4167 est
599 4088 806 4167 ratio
855 4086 986 4164 ΕΒ
1025 4084 1130 4164 ad
1167 4085 1300 4162 BC
1333 4082 1594 4188 major
1627 4084 1736 4162 est
1770 4084 2083 4164 ratione
2116 4085 2257 4162 AB
2294 4081 2395 4161 ad
2432 4085 2585 4183 BF,
2650 4113 2857 4190 quae
2890 4113 3061 4170 una
3094 4091 3208 4172 est

445 4253 538 4304 ex
573 4226 672 4305 iis
709 4251 804 4304 ex
839 4222 1144 4329 quibus
1182 4217 1616 4325 eompofita
1653 4221 1762 4300 est
1802 4221 2010 4302 ratio
2055 4223 2199 4300 AB
2247 4218 2355 4299 ad
2398 4219 2551 4300 BG
2582 4253 2605 4313 3
2680 4227 2885 4306 ratio
2931 4248 3207 4310 autem

439 4365 580 4442 AB
631 4362 734 4441 ad
783 4363 914 4440 BC
959 4349 1392 4463 compofita
1437 4359 1549 4436 est
1593 4383 1688 4438 ex
1723 4358 1964 4457 hisce,
2015 4357 2172 4440 hoc
2208 4357 2321 4440 est
2363 4383 2460 4440 ex
2500 4358 2957 4444 rationibus
2994 4389 3205 4472 quae

440 4501 792 4580 minores
829 4499 1016 4578 sunt
1049 4493 1361 4576 ratione
1393 4493 1586 4578 data
1621 4497 1768 4588 DB
1805 4495 1909 4575 ad
1944 4497 2104 4580 BC.

1739 4634 1820 4711 A
1870 4656 1917 4711 2
