<?xml version="1.0" encoding="UTF-8"?>
<!DOCTYPE html PUBLIC "-//W3C//DTD XHTML 1.0 Transitional//EN"
    "http://www.w3.org/TR/xhtml1/DTD/xhtml1-transitional.dtd">
<html xmlns="http://www.w3.org/1999/xhtml" xml:lang="en" lang="en">
 <head>
  <title>
</title>
<meta http-equiv="Content-Type" content="text/html;charset=utf-8" />
  <meta name='ocr-system' content='tesseract 3.04.00' />
  <meta name='ocr-capabilities' content='ocr_page ocr_carea ocr_par ocr_line ocrx_word'/>
</head>
<body>
  <div class='ocr_page' id='page_1' title='image "./robertisimsonmd00unkngoog_0590.png"; bbox 0 0 4109 5609; ppageno 0'>
   <div class='ocr_carea' id='block_1_1' title="bbox 991 426 3092 542">
    <p class='ocr_par' dir='ltr' id='par_1_1' title="bbox 991 426 3092 542">
     <span class='ocr_line' id='line_1_1' title="bbox 991 426 3092 542; baseline 0.001 -23"><span class='ocrx_word' id='word_1_1' title='bbox 991 435 1154 542; x_wconf 75' lang='lat'>360</span> <span class='ocrx_word' id='word_1_2' title='bbox 1604 431 1786 518; x_wconf 82' lang='lat' dir='ltr'>DE</span> <span class='ocrx_word' id='word_1_3' title='bbox 1885 426 3092 521; x_wconf 57' lang='lat' dir='ltr'>P-oRmMA‘T-nma</span> 
     </span>
    </p>
   </div>
   <div class='ocr_carea' id='block_1_2' title="bbox 984 641 3747 1720">
    <p class='ocr_par' dir='ltr' id='par_1_2' title="bbox 984 641 3745 1040">
     <span class='ocr_line' id='line_1_2' title="bbox 985 641 3738 763; baseline 0 -29"><span class='ocrx_word' id='word_1_4' title='bbox 985 655 1136 752; x_wconf 84' lang='lat' dir='ltr'>est3</span> <span class='ocrx_word' id='word_1_5' title='bbox 1178 654 1468 734; x_wconf 89' lang='lat' dir='ltr'>datum</span> <span class='ocrx_word' id='word_1_6' title='bbox 1503 653 1758 763; x_wconf 88' lang='lat' dir='ltr'>igitur</span> <span class='ocrx_word' id='word_1_7' title='bbox 1789 656 1901 734; x_wconf 87' lang='lat' dir='ltr'>est</span> <span class='ocrx_word' id='word_1_8' title='bbox 1936 657 2339 760; x_wconf 68' lang='lat' dir='ltr'>punstum</span> <span class='ocrx_word' id='word_1_9' title='bbox 2372 657 2491 755; x_wconf 82' lang='lat' dir='ltr'>H,</span> <span class='ocrx_word' id='word_1_10' title='bbox 2533 677 2611 735; x_wconf 89' lang='lat' dir='ltr'>et</span> <span class='ocrx_word' id='word_1_11' title='bbox 2644 659 2861 738; x_wconf 63' lang='lat' dir='ltr'>recta</span> <span class='ocrx_word' id='word_1_12' title='bbox 2896 659 3065 736; x_wconf 92' lang='lat' dir='ltr'>HD</span> <span class='ocrx_word' id='word_1_13' title='bbox 3102 641 3491 762; x_wconf 73' lang='lat' dir='ltr'>positione</span> <span class='ocrx_word' id='word_1_14' title='bbox 3516 655 3738 744; x_wconf 75' lang='lat' dir='ltr'>data3</span> 
     </span>
     <span class='ocr_line' id='line_1_3' title="bbox 984 791 3745 900; baseline -0.001 -28"><span class='ocrx_word' id='word_1_15' title='bbox 984 814 1065 873; x_wconf 88' lang='lat' dir='ltr'>et</span> <span class='ocrx_word' id='word_1_16' title='bbox 1109 791 1345 872; x_wconf 91' lang='lat' dir='ltr'>datae</span> <span class='ocrx_word' id='word_1_17' title='bbox 1387 791 1576 870; x_wconf 76' lang='lat' dir='ltr'>sunt</span> <span class='ocrx_word' id='word_1_18' title='bbox 1623 794 1818 891; x_wconf 91' lang='lat' dir='ltr'>HD,</span> <span class='ocrx_word' id='word_1_19' title='bbox 1867 794 2016 870; x_wconf 93' lang='lat' dir='ltr'>DE</span> <span class='ocrx_word' id='word_1_20' title='bbox 2077 792 2679 900; x_wconf 82' lang='lat' dir='ltr'>magnitudine,</span> <span class='ocrx_word' id='word_1_21' title='bbox 2752 821 3004 900; x_wconf 83' lang='lat' dir='ltr'>quare</span> <span class='ocrx_word' id='word_1_22' title='bbox 3050 794 3241 873; x_wconf 87' lang='lat' dir='ltr'>data</span> <span class='ocrx_word' id='word_1_23' title='bbox 3288 795 3477 872; x_wconf 86' lang='lat' dir='ltr'>sunt</span> <span class='ocrx_word' id='word_1_24' title='bbox 3526 797 3633 893; x_wconf 88' lang='lat' dir='ltr'>D,</span> <span class='ocrx_word' id='word_1_25' title='bbox 3684 795 3745 870; x_wconf 92' lang='lat' dir='ltr'>E</span> 
     </span>
     <span class='ocr_line' id='line_1_4' title="bbox 985 927 2610 1040; baseline 0 -31"><span class='ocrx_word' id='word_1_26' title='bbox 985 931 1319 1036; x_wconf 51' lang='lat' dir='ltr'>puncta.</span> <span class='ocrx_word' id='word_1_27' title='bbox 1449 927 1690 1040; x_wconf 81' lang='lat' dir='ltr'>Qae</span> <span class='ocrx_word' id='word_1_28' title='bbox 1725 928 2061 1009; x_wconf 89' lang='lat' dir='ltr'>fuerunt</span> <span class='ocrx_word' id='word_1_29' title='bbox 2097 929 2610 1010; x_wconf 83' lang='lat' dir='ltr'>invenienda.</span> 
     </span>
    </p>

    <p class='ocr_par' dir='ltr' id='par_1_3' title="bbox 2002 1066 2727 1172">
     <span class='ocr_line' id='line_1_5' title="bbox 2002 1066 2727 1172; baseline 0.001 -26"><span class='ocrx_word' id='word_1_30' title='bbox 2002 1067 2556 1172; x_wconf 89' lang='lat' dir='ltr'>Componetur</span> <span class='ocrx_word' id='word_1_31' title='bbox 2586 1066 2727 1148; x_wconf 86' lang='lat' dir='ltr'>ita.</span> 
     </span>
    </p>

    <p class='ocr_par' dir='ltr' id='par_1_4' title="bbox 985 1201 3747 1720">
     <span class='ocr_line' id='line_1_6' title="bbox 1123 1201 3747 1310; baseline -0.001 -26"><span class='ocrx_word' id='word_1_32' title='bbox 1123 1203 1246 1284; x_wconf 91' lang='lat' dir='ltr'>Sit</span> <span class='ocrx_word' id='word_1_33' title='bbox 1279 1205 1422 1282; x_wconf 91' lang='lat' dir='ltr'>AB</span> <span class='ocrx_word' id='word_1_34' title='bbox 1460 1202 1853 1283; x_wconf 86' lang='lat' dir='ltr'>diameter</span> <span class='ocrx_word' id='word_1_35' title='bbox 1897 1203 2180 1283; x_wconf 87' lang='lat' dir='ltr'>circuli</span> <span class='ocrx_word' id='word_1_36' title='bbox 2227 1201 2612 1310; x_wconf 75' lang='lat' dir='ltr'>positione</span> <span class='ocrx_word' id='word_1_37' title='bbox 2656 1225 2735 1283; x_wconf 94' lang='lat' dir='ltr'>et</span> <span class='ocrx_word' id='word_1_38' title='bbox 2782 1203 3353 1310; x_wconf 85' lang='lat' dir='ltr'>magnitudine</span> <span class='ocrx_word' id='word_1_39' title='bbox 3400 1203 3621 1304; x_wconf 91' lang='lat' dir='ltr'>data,</span> <span class='ocrx_word' id='word_1_40' title='bbox 3672 1225 3747 1282; x_wconf 85' lang='lat' dir='ltr'>et</span> 
     </span>
     <span class='ocr_line' id='line_1_7' title="bbox 987 1339 3746 1448; baseline -0.001 -26"><span class='ocrx_word' id='word_1_41' title='bbox 987 1362 1364 1424; x_wconf 89' lang='lat' dir='ltr'>centrum</span> <span class='ocrx_word' id='word_1_42' title='bbox 1395 1339 1490 1420; x_wconf 89' lang='lat' dir='ltr'>fit</span> <span class='ocrx_word' id='word_1_43' title='bbox 1525 1341 1617 1423; x_wconf 87' lang='lat' dir='ltr'>C.</span> <span class='ocrx_word' id='word_1_44' title='bbox 1723 1340 1964 1420; x_wconf 87' lang='lat' dir='ltr'>Ratio</span> <span class='ocrx_word' id='word_1_45' title='bbox 1999 1362 2275 1420; x_wconf 90' lang='lat' dir='ltr'>autem</span> <span class='ocrx_word' id='word_1_46' title='bbox 2310 1369 2565 1448; x_wconf 90' lang='lat' dir='ltr'>quam</span> <span class='ocrx_word' id='word_1_47' title='bbox 2598 1341 2923 1420; x_wconf 89' lang='lat' dir='ltr'>su&#39;mma</span> <span class='ocrx_word' id='word_1_48' title='bbox 2958 1341 3551 1447; x_wconf 86' lang='lat' dir='ltr'>quadratorum</span> <span class='ocrx_word' id='word_1_49' title='bbox 3598 1339 3746 1420; x_wconf 90' lang='lat' dir='ltr'>ha-</span> 
     </span>
     <span class='ocr_line' id='line_1_8' title="bbox 985 1475 3747 1585; baseline -0.001 -27"><span class='ocrx_word' id='word_1_50' title='bbox 985 1478 1176 1558; x_wconf 84' lang='lat' dir='ltr'>bere</span> <span class='ocrx_word' id='word_1_51' title='bbox 1222 1476 1460 1557; x_wconf 89' lang='lat' dir='ltr'>debet</span> <span class='ocrx_word' id='word_1_52' title='bbox 1508 1475 1614 1554; x_wconf 92' lang='lat' dir='ltr'>ad</span> <span class='ocrx_word' id='word_1_53' title='bbox 1657 1476 2171 1584; x_wconf 86' lang='lat' dir='ltr'>triangulum</span> <span class='ocrx_word' id='word_1_54' title='bbox 2214 1475 2313 1557; x_wconf 88' lang='lat' dir='ltr'>fit</span> <span class='ocrx_word' id='word_1_55' title='bbox 2355 1507 2445 1558; x_wconf 90' lang='lat' dir='ltr'>ea</span> <span class='ocrx_word' id='word_1_56' title='bbox 2492 1505 2748 1585; x_wconf 90' lang='lat' dir='ltr'>quam</span> <span class='ocrx_word' id='word_1_57' title='bbox 2794 1478 2983 1556; x_wconf 89' lang='lat' dir='ltr'>data</span> <span class='ocrx_word' id='word_1_58' title='bbox 3028 1479 3245 1556; x_wconf 59' lang='lat' dir='ltr'>recta</span> <span class='ocrx_word' id='word_1_59' title='bbox 3288 1477 3417 1557; x_wconf 88' lang='lat' dir='ltr'>RS</span> <span class='ocrx_word' id='word_1_60' title='bbox 3465 1500 3747 1584; x_wconf 88' lang='lat' dir='ltr'>quater</span> 
     </span>
     <span class='ocr_line' id='line_1_9' title="bbox 985 1612 3746 1720; baseline 0 -27"><span class='ocrx_word' id='word_1_61' title='bbox 985 1613 1234 1696; x_wconf 83' lang='lat' dir='ltr'>habet</span> <span class='ocrx_word' id='word_1_62' title='bbox 1280 1613 1384 1692; x_wconf 91' lang='lat' dir='ltr'>ad</span> <span class='ocrx_word' id='word_1_63' title='bbox 1417 1613 1696 1692; x_wconf 90' lang='lat' dir='ltr'>datam</span> <span class='ocrx_word' id='word_1_64' title='bbox 1735 1615 1918 1712; x_wconf 82' lang='lat' dir='ltr'>RC3</span> <span class='ocrx_word' id='word_1_65' title='bbox 1993 1634 2073 1692; x_wconf 88' lang='lat' dir='ltr'>et</span> <span class='ocrx_word' id='word_1_66' title='bbox 2104 1612 2260 1693; x_wconf 89' lang='lat' dir='ltr'>fint</span> <span class='ocrx_word' id='word_1_67' title='bbox 2295 1617 2598 1720; x_wconf 65' lang='lat' dir='ltr'>puncta</span> <span class='ocrx_word' id='word_1_68' title='bbox 2633 1614 3121 1694; x_wconf 84' lang='lat' dir='ltr'>invenienda</span> <span class='ocrx_word' id='word_1_69' title='bbox 3155 1615 3245 1692; x_wconf 91' lang='lat' dir='ltr'>in</span> <span class='ocrx_word' id='word_1_70' title='bbox 3278 1615 3497 1694; x_wconf 66' lang='lat' dir='ltr'>recsta</span> <span class='ocrx_word' id='word_1_71' title='bbox 3538 1643 3746 1720; x_wconf 89' lang='lat' dir='ltr'>quae</span> 
     </span>
    </p>
   </div>
   <div class='ocr_carea' id='block_1_3' title="bbox 977 1749 3749 4602">
    <p class='ocr_par' dir='ltr' id='par_1_5' title="bbox 979 1749 3749 2817">
     <span class='ocr_line' id='line_1_10' title="bbox 983 1749 3748 1864; baseline 0 -34"><span class='ocrx_word' id='word_1_72' title='bbox 983 1749 1136 1858; x_wconf 80' lang='lat' dir='ltr'>ipfi</span> <span class='ocrx_word' id='word_1_73' title='bbox 1169 1753 1312 1830; x_wconf 92' lang='lat' dir='ltr'>AB</span> <span class='ocrx_word' id='word_1_74' title='bbox 1349 1751 1724 1856; x_wconf 90' lang='lat' dir='ltr'>parallela</span> <span class='ocrx_word' id='word_1_75' title='bbox 1769 1751 1904 1832; x_wconf 88' lang='lat' dir='ltr'>est.</span> <span class='ocrx_word' id='word_1_76' title='bbox 2011 1751 2117 1830; x_wconf 91' lang='lat' dir='ltr'>Et</span> <span class='ocrx_word' id='word_1_77' title='bbox 2164 1753 2557 1857; x_wconf 91' lang='lat' dir='ltr'>quoniam</span> <span class='ocrx_word' id='word_1_78' title='bbox 2602 1751 2843 1832; x_wconf 90' lang='lat' dir='ltr'>debet</span> <span class='ocrx_word' id='word_1_79' title='bbox 2888 1749 3036 1830; x_wconf 83' lang='lat' dir='ltr'>effe</span> <span class='ocrx_word' id='word_1_80' title='bbox 3082 1751 3377 1862; x_wconf 65' lang='lat' dir='ltr'>PQad</span> <span class='ocrx_word' id='word_1_81' title='bbox 3426 1751 3607 1864; x_wconf 73' lang='lat' dir='ltr'>Q,</span> <span class='ocrx_word' id='word_1_82' title='bbox 3656 1774 3748 1831; x_wconf 89' lang='lat' dir='ltr'>ut</span> 
     </span>
     <span class='ocr_line' id='line_1_11' title="bbox 989 1886 3747 2003; baseline 0 -35"><span class='ocrx_word' id='word_1_83' title='bbox 989 1890 1120 1968; x_wconf 80' lang='lat' dir='ltr'>Rs</span> <span class='ocrx_word' id='word_1_84' title='bbox 1157 1888 1264 1968; x_wconf 90' lang='lat' dir='ltr'>ad</span> <span class='ocrx_word' id='word_1_85' title='bbox 1301 1889 1470 1988; x_wconf 90' lang='lat' dir='ltr'>RC,</span> <span class='ocrx_word' id='word_1_86' title='bbox 1517 1907 1600 1972; x_wconf 83' lang='lat' dir='ltr'>,et</span> <span class='ocrx_word' id='word_1_87' title='bbox 1636 1888 1745 1966; x_wconf 88' lang='lat' dir='ltr'>est</span> <span class='ocrx_word' id='word_1_88' title='bbox 1777 1886 2217 2001; x_wconf 67' lang='lat' dir='ltr'>PQmajor</span> <span class='ocrx_word' id='word_1_89' title='bbox 2251 1888 2429 2003; x_wconf 74' lang='lat' dir='ltr'>Q,</span> <span class='ocrx_word' id='word_1_90' title='bbox 2468 1888 2708 1969; x_wconf 87' lang='lat' dir='ltr'>debet</span> <span class='ocrx_word' id='word_1_91' title='bbox 2744 1890 2870 1968; x_wconf 91' lang='lat' dir='ltr'>RS</span> <span class='ocrx_word' id='word_1_92' title='bbox 2908 1887 3169 1992; x_wconf 89' lang='lat' dir='ltr'>major</span> <span class='ocrx_word' id='word_1_93' title='bbox 3201 1887 3350 1968; x_wconf 85' lang='lat' dir='ltr'>effe</span> <span class='ocrx_word' id='word_1_94' title='bbox 3388 1891 3557 1970; x_wconf 87' lang='lat' dir='ltr'>RC.</span> <span class='ocrx_word' id='word_1_95' title='bbox 3628 1889 3747 1968; x_wconf 88' lang='lat' dir='ltr'>Sit</span> 
     </span>
     <span class='ocr_line' id='line_1_12' title="bbox 989 2025 3747 2134; baseline -0.001 -28"><span class='ocrx_word' id='word_1_96' title='bbox 989 2025 1134 2126; x_wconf 87' lang='lat' dir='ltr'>ita,</span> <span class='ocrx_word' id='word_1_97' title='bbox 1212 2047 1289 2106; x_wconf 90' lang='lat' dir='ltr'>et</span> <span class='ocrx_word' id='word_1_98' title='bbox 1337 2026 1686 2106; x_wconf 87' lang='lat' dir='ltr'>ducatur</span> <span class='ocrx_word' id='word_1_99' title='bbox 1730 2027 1868 2104; x_wconf 90' lang='lat' dir='ltr'>CP</span> <span class='ocrx_word' id='word_1_100' title='bbox 1916 2025 2022 2103; x_wconf 94' lang='lat' dir='ltr'>ad</span> <span class='ocrx_word' id='word_1_101' title='bbox 2066 2027 2321 2107; x_wconf 63' lang='lat' dir='ltr'>refios</span> <span class='ocrx_word' id='word_1_102' title='bbox 2371 2028 2711 2134; x_wconf 88' lang='lat' dir='ltr'>angulos</span> <span class='ocrx_word' id='word_1_103' title='bbox 2756 2025 2901 2132; x_wconf 87' lang='lat' dir='ltr'>ipfi</span> <span class='ocrx_word' id='word_1_104' title='bbox 2946 2027 3131 2125; x_wconf 91' lang='lat' dir='ltr'>AB,</span> <span class='ocrx_word' id='word_1_105' title='bbox 3196 2047 3276 2104; x_wconf 90' lang='lat' dir='ltr'>et</span> <span class='ocrx_word' id='word_1_106' title='bbox 3321 2025 3427 2104; x_wconf 91' lang='lat' dir='ltr'>ad</span> <span class='ocrx_word' id='word_1_107' title='bbox 3472 2052 3653 2104; x_wconf 91' lang='lat' dir='ltr'>eam</span> <span class='ocrx_word' id='word_1_108' title='bbox 3700 2055 3747 2104; x_wconf 90' lang='lat' dir='ltr'>a</span> 
     </span>
     <span class='ocr_line' id='line_1_13' title="bbox 987 2161 3749 2276; baseline 0 -34"><span class='ocrx_word' id='word_1_109' title='bbox 987 2165 1295 2270; x_wconf 61' lang='lat' dir='ltr'>puncto</span> <span class='ocrx_word' id='word_1_110' title='bbox 1331 2164 1404 2241; x_wconf 88' lang='lat' dir='ltr'>R</span> <span class='ocrx_word' id='word_1_111' title='bbox 1440 2162 1787 2242; x_wconf 86' lang='lat' dir='ltr'>ducatur</span> <span class='ocrx_word' id='word_1_112' title='bbox 1823 2163 1974 2242; x_wconf 90' lang='lat' dir='ltr'>RT</span> <span class='ocrx_word' id='word_1_113' title='bbox 2008 2163 2365 2269; x_wconf 88' lang='lat' dir='ltr'>aequalis</span> <span class='ocrx_word' id='word_1_114' title='bbox 2401 2161 2545 2269; x_wconf 89' lang='lat' dir='ltr'>ipfi</span> <span class='ocrx_word' id='word_1_115' title='bbox 2580 2163 2706 2244; x_wconf 90' lang='lat' dir='ltr'>RS</span> <span class='ocrx_word' id='word_1_116' title='bbox 2726 2196 2748 2261; x_wconf 91' lang='lat'>;</span> <span class='ocrx_word' id='word_1_117' title='bbox 2814 2164 2921 2242; x_wconf 89' lang='lat' dir='ltr'>ad</span> <span class='ocrx_word' id='word_1_118' title='bbox 2954 2165 3095 2240; x_wconf 91' lang='lat' dir='ltr'>AB</span> <span class='ocrx_word' id='word_1_119' title='bbox 3134 2189 3321 2240; x_wconf 83' lang='lat' dir='ltr'>vero</span> <span class='ocrx_word' id='word_1_120' title='bbox 3358 2191 3413 2276; x_wconf 53' lang='lat'>³2</span> <span class='ocrx_word' id='word_1_121' title='bbox 3432 2165 3749 2268; x_wconf 68' lang='lat' dir='ltr'>punc&#39;to</span> 
     </span>
     <span class='ocr_line' id='line_1_14' title="bbox 987 2296 3747 2412; baseline 0 -33"><span class='ocrx_word' id='word_1_122' title='bbox 987 2303 1048 2379; x_wconf 96' lang='lat' dir='ltr'><strong>P</strong></span> <span class='ocrx_word' id='word_1_123' title='bbox 1082 2301 1432 2379; x_wconf 91' lang='lat' dir='ltr'>ducatur</span> <span class='ocrx_word' id='word_1_124' title='bbox 1463 2298 1663 2411; x_wconf 68' lang='lat' dir='ltr'>PQ</span> <span class='ocrx_word' id='word_1_125' title='bbox 1677 2300 2048 2404; x_wconf 88' lang='lat' dir='ltr'>parallela</span> <span class='ocrx_word' id='word_1_126' title='bbox 2082 2296 2226 2404; x_wconf 84' lang='lat' dir='ltr'>ipfi</span> <span class='ocrx_word' id='word_1_127' title='bbox 2264 2301 2441 2399; x_wconf 91' lang='lat' dir='ltr'>RT,</span> <span class='ocrx_word' id='word_1_128' title='bbox 2493 2321 2571 2380; x_wconf 90' lang='lat' dir='ltr'>et</span> <span class='ocrx_word' id='word_1_129' title='bbox 2604 2329 2652 2380; x_wconf 94' lang='lat' dir='ltr'>a</span> <span class='ocrx_word' id='word_1_130' title='bbox 2686 2303 2995 2406; x_wconf 65' lang='lat' dir='ltr'>punclo</span> <span class='ocrx_word' id='word_1_131' title='bbox 3034 2299 3269 2412; x_wconf 66' lang='lat' dir='ltr'>Qad</span> <span class='ocrx_word' id='word_1_132' title='bbox 3302 2301 3563 2379; x_wconf 59' lang='lat' dir='ltr'>rectos</span> <span class='ocrx_word' id='word_1_133' title='bbox 3600 2328 3747 2378; x_wconf 89' lang='lat' dir='ltr'>an-</span> 
     </span>
     <span class='ocr_line' id='line_1_15' title="bbox 989 2432 3747 2550; baseline 0 -37"><span class='ocrx_word' id='word_1_134' title='bbox 989 2437 1222 2544; x_wconf 86' lang='lat' dir='ltr'>gulos</span> <span class='ocrx_word' id='word_1_135' title='bbox 1271 2432 1416 2541; x_wconf 90' lang='lat' dir='ltr'>ipfi</span> <span class='ocrx_word' id='word_1_136' title='bbox 1464 2436 1614 2549; x_wconf 74' lang='lat' dir='ltr'>Q</span> <span class='ocrx_word' id='word_1_137' title='bbox 1661 2437 2010 2516; x_wconf 89' lang='lat' dir='ltr'>ducatur</span> <span class='ocrx_word' id='word_1_138' title='bbox 2052 2435 2217 2550; x_wconf 81' lang='lat' dir='ltr'>Q)</span> <span class='ocrx_word' id='word_1_139' title='bbox 2265 2437 2619 2543; x_wconf 87' lang='lat' dir='ltr'>aequalis</span> <span class='ocrx_word' id='word_1_140' title='bbox 2665 2439 2924 2517; x_wconf 60' lang='lat' dir='ltr'>reciae</span> <span class='ocrx_word' id='word_1_141' title='bbox 2971 2437 3165 2550; x_wconf 79' lang='lat' dir='ltr'>Q‘3</span> <span class='ocrx_word' id='word_1_142' title='bbox 3238 2436 3594 2542; x_wconf 89' lang='lat' dir='ltr'>denique</span> <span class='ocrx_word' id='word_1_143' title='bbox 3645 2437 3747 2514; x_wconf 89' lang='lat' dir='ltr'>ad</span> 
     </span>
     <span class='ocr_line' id='line_1_16' title="bbox 989 2569 3747 2688; baseline 0 -36"><span class='ocrx_word' id='word_1_144' title='bbox 989 2574 1115 2652; x_wconf 92' lang='lat' dir='ltr'>PC</span> <span class='ocrx_word' id='word_1_145' title='bbox 1150 2571 1498 2652; x_wconf 89' lang='lat' dir='ltr'>ducatur</span> <span class='ocrx_word' id='word_1_146' title='bbox 1531 2575 1700 2652; x_wconf 97' lang='grc' dir='ltr'>ΒΗ</span> <span class='ocrx_word' id='word_1_147' title='bbox 1739 2575 2114 2678; x_wconf 89' lang='lat' dir='ltr'>parallela</span> <span class='ocrx_word' id='word_1_148' title='bbox 2148 2569 2295 2678; x_wconf 74' lang='lat' dir='ltr'>ipsi</span> <span class='ocrx_word' id='word_1_149' title='bbox 2332 2574 2510 2688; x_wconf 75' lang='lat' dir='ltr'>Q,</span> <span class='ocrx_word' id='word_1_150' title='bbox 2562 2596 2641 2653; x_wconf 90' lang='lat' dir='ltr'>et</span> <span class='ocrx_word' id='word_1_151' title='bbox 2675 2575 3173 2679; x_wconf 87' lang='lat' dir='ltr'>producatur</span> <span class='ocrx_word' id='word_1_152' title='bbox 3206 2571 3309 2650; x_wconf 89' lang='lat' dir='ltr'>ad</span> <span class='ocrx_word' id='word_1_153' title='bbox 3361 2574 3427 2650; x_wconf 86' lang='lat' dir='ltr'>E</span> <span class='ocrx_word' id='word_1_154' title='bbox 3474 2595 3571 2652; x_wconf 90' lang='lat' dir='ltr'>ut</span> <span class='ocrx_word' id='word_1_155' title='bbox 3616 2601 3747 2652; x_wconf 83' lang='lat' dir='ltr'>ae·-</span> 
     </span>
     <span class='ocr_line' id='line_1_17' title="bbox 979 2707 3440 2817; baseline 0.001 -29"><span class='ocrx_word' id='word_1_156' title='bbox 979 2709 1258 2817; x_wconf 87' lang='lat' dir='ltr'>qualis</span> <span class='ocrx_word' id='word_1_157' title='bbox 1291 2707 1386 2788; x_wconf 89' lang='lat' dir='ltr'>fit</span> <span class='ocrx_word' id='word_1_158' title='bbox 1422 2713 1578 2788; x_wconf 91' lang='lat' dir='ltr'>HE</span> <span class='ocrx_word' id='word_1_159' title='bbox 1617 2707 1763 2815; x_wconf 87' lang='lat' dir='ltr'>ipfi</span> <span class='ocrx_word' id='word_1_160' title='bbox 1797 2713 2006 2807; x_wconf 84' lang='lat' dir='ltr'>HD3</span> <span class='ocrx_word' id='word_1_161' title='bbox 2061 2731 2301 2788; x_wconf 90' lang='lat' dir='ltr'>erunt</span> <span class='ocrx_word' id='word_1_162' title='bbox 2334 2713 2441 2809; x_wconf 91' lang='lat' dir='ltr'>D,</span> <span class='ocrx_word' id='word_1_163' title='bbox 2484 2713 2551 2789; x_wconf 93' lang='lat' dir='ltr'>E</span> <span class='ocrx_word' id='word_1_164' title='bbox 2586 2711 2889 2816; x_wconf 60' lang='lat' dir='ltr'>puncta</span> <span class='ocrx_word' id='word_1_165' title='bbox 2926 2709 3440 2791; x_wconf 86' lang='lat' dir='ltr'>invenienda.</span> 
     </span>
    </p>

    <p class='ocr_par' dir='ltr' id='par_1_6' title="bbox 977 2845 3749 4602">
     <span class='ocr_line' id='line_1_18' title="bbox 1122 2845 3749 2952; baseline 0 -26"><span class='ocrx_word' id='word_1_166' title='bbox 1122 2847 1258 2926; x_wconf 84' lang='lat' dir='ltr'>Ab</span> <span class='ocrx_word' id='word_1_167' title='bbox 1294 2845 1478 2952; x_wconf 87' lang='lat' dir='ltr'>ipfis</span> <span class='ocrx_word' id='word_1_168' title='bbox 1513 2847 1736 2926; x_wconf 88' lang='lat' dir='ltr'>enim</span> <span class='ocrx_word' id='word_1_169' title='bbox 1769 2849 1877 2946; x_wconf 95' lang='lat' dir='ltr'>D,</span> <span class='ocrx_word' id='word_1_170' title='bbox 1916 2847 1982 2924; x_wconf 91' lang='lat' dir='ltr'>E</span> <span class='ocrx_word' id='word_1_171' title='bbox 2028 2847 2353 2952; x_wconf 65' lang='lat' dir='ltr'>punctis</span> <span class='ocrx_word' id='word_1_172' title='bbox 2400 2845 2922 2928; x_wconf 61' lang='lat' dir='ltr'>inficetantur</span> <span class='ocrx_word' id='word_1_173' title='bbox 2968 2869 3388 2952; x_wconf 89' lang='lat' dir='ltr'>utcunque</span> <span class='ocrx_word' id='word_1_174' title='bbox 3436 2847 3545 2926; x_wconf 88' lang='lat' dir='ltr'>ad</span> <span class='ocrx_word' id='word_1_175' title='bbox 3592 2848 3749 2926; x_wconf 82' lang='lat' dir='ltr'>cir-</span> 
     </span>
     <span class='ocr_line' id='line_1_19' title="bbox 977 2981 3747 3099; baseline -0.001 -35"><span class='ocrx_word' id='word_1_176' title='bbox 977 2983 1614 3099; x_wconf 69' lang='lat' dir='ltr'>cumferentiam</span> <span class='ocrx_word' id='word_1_177' title='bbox 1650 2985 1907 3063; x_wconf 64' lang='lat' dir='ltr'>restae</span> <span class='ocrx_word' id='word_1_178' title='bbox 1940 2987 2109 3082; x_wconf 88' lang='lat' dir='ltr'>DF,</span> <span class='ocrx_word' id='word_1_179' title='bbox 2148 2985 2301 3083; x_wconf 91' lang='lat' dir='ltr'>EF,</span> <span class='ocrx_word' id='word_1_180' title='bbox 2352 3005 2431 3063; x_wconf 87' lang='lat' dir='ltr'>et</span> <span class='ocrx_word' id='word_1_181' title='bbox 2466 2983 2572 3063; x_wconf 89' lang='lat' dir='ltr'>ad</span> <span class='ocrx_word' id='word_1_182' title='bbox 2607 2981 2763 3063; x_wconf 90' lang='lat' dir='ltr'>CH</span> <span class='ocrx_word' id='word_1_183' title='bbox 2797 2985 3147 3064; x_wconf 84' lang='lat' dir='ltr'>ducatur</span> <span class='ocrx_word' id='word_1_184' title='bbox 3180 2985 3335 3062; x_wconf 90' lang='lat' dir='ltr'>FM</span> <span class='ocrx_word' id='word_1_185' title='bbox 3372 2985 3747 3088; x_wconf 84' lang='lat' dir='ltr'>parallela</span> 
     </span>
     <span class='ocr_line' id='line_1_20' title="bbox 983 3119 3747 3228; baseline -0.001 -27"><span class='ocrx_word' id='word_1_186' title='bbox 983 3119 1136 3228; x_wconf 76' lang='lat' dir='ltr'>ipfi</span> <span class='ocrx_word' id='word_1_187' title='bbox 1167 3124 1366 3221; x_wconf 90' lang='lat' dir='ltr'>DH,</span> <span class='ocrx_word' id='word_1_188' title='bbox 1417 3141 1495 3200; x_wconf 90' lang='lat' dir='ltr'>et</span> <span class='ocrx_word' id='word_1_189' title='bbox 1531 3121 2026 3226; x_wconf 84' lang='lat' dir='ltr'>producatur</span> <span class='ocrx_word' id='word_1_190' title='bbox 2061 3121 2217 3199; x_wconf 92' lang='lat' dir='ltr'>HC</span> <span class='ocrx_word' id='word_1_191' title='bbox 2254 3119 2360 3198; x_wconf 88' lang='lat' dir='ltr'>ad</span> <span class='ocrx_word' id='word_1_192' title='bbox 2393 3121 2473 3200; x_wconf 94' lang='lat' dir='ltr'>N</span> <span class='ocrx_word' id='word_1_193' title='bbox 2505 3141 2600 3199; x_wconf 90' lang='lat' dir='ltr'>ut</span> <span class='ocrx_word' id='word_1_194' title='bbox 2638 3121 3001 3226; x_wconf 87' lang='lat' dir='ltr'>aequales</span> <span class='ocrx_word' id='word_1_195' title='bbox 3038 3119 3193 3198; x_wconf 89' lang='lat' dir='ltr'>fint</span> <span class='ocrx_word' id='word_1_196' title='bbox 3228 3122 3413 3218; x_wconf 88' lang='lat' dir='ltr'>HC,</span> <span class='ocrx_word' id='word_1_197' title='bbox 3454 3122 3634 3221; x_wconf 91' lang='lat' dir='ltr'>CN,</span> <span class='ocrx_word' id='word_1_198' title='bbox 3674 3143 3747 3199; x_wconf 84' lang='lat' dir='ltr'>ct</span> 
     </span>
     <span class='ocr_line' id='line_1_21' title="bbox 977 3255 3745 3370; baseline -0.001 -30"><span class='ocrx_word' id='word_1_199' title='bbox 977 3259 1380 3367; x_wconf 83' lang='lat' dir='ltr'>jungatur</span> <span class='ocrx_word' id='word_1_200' title='bbox 1414 3259 1563 3340; x_wconf 86' lang='lat' dir='ltr'>CF.</span> <span class='ocrx_word' id='word_1_201' title='bbox 1635 3259 1740 3336; x_wconf 91' lang='lat' dir='ltr'>Et</span> <span class='ocrx_word' id='word_1_202' title='bbox 1769 3257 2171 3364; x_wconf 91' lang='lat' dir='ltr'>quoniam</span> <span class='ocrx_word' id='word_1_203' title='bbox 2206 3258 2700 3364; x_wconf 90' lang='lat' dir='ltr'>quadratum</span> <span class='ocrx_word' id='word_1_204' title='bbox 2736 3285 2830 3336; x_wconf 85' lang='lat' dir='ltr'>ex</span> <span class='ocrx_word' id='word_1_205' title='bbox 2866 3259 3050 3355; x_wconf 88' lang='lat' dir='ltr'>CH,</span> <span class='ocrx_word' id='word_1_206' title='bbox 3089 3255 3245 3336; x_wconf 87' lang='lat' dir='ltr'>five</span> <span class='ocrx_word' id='word_1_207' title='bbox 3280 3257 3585 3370; x_wconf 66' lang='lat' dir='ltr'>PQest</span> <span class='ocrx_word' id='word_1_208' title='bbox 3618 3283 3745 3336; x_wconf 87' lang='lat' dir='ltr'>ae·</span> 
     </span>
     <span class='ocr_line' id='line_1_22' title="bbox 978 3389 3743 3507; baseline -0.001 -31"><span class='ocrx_word' id='word_1_209' title='bbox 978 3397 1227 3504; x_wconf 83' lang='lat' dir='ltr'>quale</span> <span class='ocrx_word' id='word_1_210' title='bbox 1267 3389 1716 3502; x_wconf 88' lang='lat' dir='ltr'>(quadratis</span> <span class='ocrx_word' id='word_1_211' title='bbox 1751 3421 1847 3473; x_wconf 86' lang='lat' dir='ltr'>ex</span> <span class='ocrx_word' id='word_1_212' title='bbox 1883 3392 2062 3507; x_wconf 74' lang='lat' dir='ltr'>Q,</span> <span class='ocrx_word' id='word_1_213' title='bbox 2086 3395 2243 3496; x_wconf 88' lang='lat' dir='ltr'>CP,</span> <span class='ocrx_word' id='word_1_214' title='bbox 2285 3394 2438 3475; x_wconf 89' lang='lat' dir='ltr'>hoc</span> <span class='ocrx_word' id='word_1_215' title='bbox 2476 3394 2585 3474; x_wconf 89' lang='lat' dir='ltr'>est</span> <span class='ocrx_word' id='word_1_216' title='bbox 2620 3394 3037 3501; x_wconf 89' lang='lat' dir='ltr'>quadratis</span> <span class='ocrx_word' id='word_1_217' title='bbox 3066 3423 3157 3472; x_wconf 85' lang='lat' dir='ltr'>ex</span> <span class='ocrx_word' id='word_1_218' title='bbox 3181 3391 3379 3494; x_wconf 94' lang='lat' dir='ltr'>DH,</span> <span class='ocrx_word' id='word_1_219' title='bbox 3409 3395 3566 3493; x_wconf 88' lang='lat' dir='ltr'>FC,</span> <span class='ocrx_word' id='word_1_220' title='bbox 3598 3395 3743 3473; x_wconf 91' lang='lat' dir='ltr'>hoc</span> 
     </span>
     <span class='ocr_line' id='line_1_23' title="bbox 985 3530 3745 3644; baseline -0.001 -32"><span class='ocrx_word' id='word_1_221' title='bbox 985 3533 1135 3644; x_wconf 80' lang='lat' dir='ltr'>est)</span> <span class='ocrx_word' id='word_1_222' title='bbox 1186 3531 1604 3639; x_wconf 84' lang='lat' dir='ltr'>quadratis</span> <span class='ocrx_word' id='word_1_223' title='bbox 1631 3559 1735 3610; x_wconf 83' lang='lat' dir='ltr'>ex</span> <span class='ocrx_word' id='word_1_224' title='bbox 1768 3533 1968 3629; x_wconf 89' lang='lat' dir='ltr'>DH,</span> <span class='ocrx_word' id='word_1_225' title='bbox 2009 3533 2194 3632; x_wconf 78' lang='grc' dir='ltr'>ΡΜ,</span> <span class='ocrx_word' id='word_1_226' title='bbox 2232 3533 2426 3632; x_wconf 94' lang='lat' dir='ltr'>MC,</span> <span class='ocrx_word' id='word_1_227' title='bbox 2476 3557 2912 3612; x_wconf 87' lang='lat' dir='ltr'>commune</span> <span class='ocrx_word' id='word_1_228' title='bbox 2948 3530 3360 3611; x_wconf 90' lang='lat' dir='ltr'>auferatur</span> <span class='ocrx_word' id='word_1_229' title='bbox 3392 3531 3745 3638; x_wconf 89' lang='lat' dir='ltr'>quadra-</span> 
     </span>
     <span class='ocr_line' id='line_1_24' title="bbox 981 3642 3741 3776; baseline -0.001 -28"><span class='ocrx_word' id='word_1_230' title='bbox 981 3691 1176 3748; x_wconf 87' lang='lat' dir='ltr'>tum</span> <span class='ocrx_word' id='word_1_231' title='bbox 1209 3695 1304 3746; x_wconf 89' lang='lat' dir='ltr'>ex</span> <span class='ocrx_word' id='word_1_232' title='bbox 1339 3669 1532 3766; x_wconf 89' lang='lat' dir='ltr'>MC,</span> <span class='ocrx_word' id='word_1_233' title='bbox 1583 3688 1662 3748; x_wconf 89' lang='lat' dir='ltr'>et</span> <span class='ocrx_word' id='word_1_234' title='bbox 1695 3669 2267 3776; x_wconf 64' lang='lat' dir='ltr'>rectangulum</span> <span class='ocrx_word' id='word_1_235' title='bbox 2301 3642 2520 3770; x_wconf 85' lang='lat' dir='ltr'>HM,</span> <span class='ocrx_word' id='word_1_236' title='bbox 2558 3670 2735 3749; x_wconf 91' lang='lat' dir='ltr'>MN</span> <span class='ocrx_word' id='word_1_237' title='bbox 2775 3670 3107 3776; x_wconf 89' lang='lat' dir='ltr'>aequale</span> <span class='ocrx_word' id='word_1_238' title='bbox 3140 3667 3293 3746; x_wconf 88' lang='lat' dir='ltr'>erit</span> <span class='ocrx_word' id='word_1_239' title='bbox 3328 3667 3741 3772; x_wconf 86' lang='lat' dir='ltr'>quadratis</span> 
     </span>
     <span class='ocr_line' id='line_1_25' title="bbox 984 3803 3742 3913; baseline 0 -28"><span class='ocrx_word' id='word_1_240' title='bbox 984 3831 1086 3886; x_wconf 85' lang='lat' dir='ltr'>ex</span> <span class='ocrx_word' id='word_1_241' title='bbox 1129 3807 1330 3906; x_wconf 91' lang='lat' dir='ltr'>DH,</span> <span class='ocrx_word' id='word_1_242' title='bbox 1382 3807 1566 3904; x_wconf 78' lang='grc' dir='ltr'>ΡΜ,</span> <span class='ocrx_word' id='word_1_243' title='bbox 1625 3803 1783 3885; x_wconf 83' lang='lat' dir='ltr'>five</span> <span class='ocrx_word' id='word_1_244' title='bbox 1827 3833 1922 3885; x_wconf 85' lang='lat' dir='ltr'>ex</span> <span class='ocrx_word' id='word_1_245' title='bbox 1964 3807 2164 3906; x_wconf 93' lang='lat' dir='ltr'>DH,</span> <span class='ocrx_word' id='word_1_246' title='bbox 2214 3807 2439 3905; x_wconf 85' lang='lat' dir='ltr'>HK;</span> <span class='ocrx_word' id='word_1_247' title='bbox 2511 3833 2949 3886; x_wconf 88' lang='lat' dir='ltr'>commune</span> <span class='ocrx_word' id='word_1_248' title='bbox 2994 3804 3342 3884; x_wconf 89' lang='lat' dir='ltr'>addatur</span> <span class='ocrx_word' id='word_1_249' title='bbox 3388 3805 3742 3913; x_wconf 86' lang='lat' dir='ltr'>quadra-</span> 
     </span>
     <span class='ocr_line' id='line_1_26' title="bbox 991 3905 3741 4051; baseline -0.001 -28"><span class='ocrx_word' id='word_1_250' title='bbox 991 3965 1174 4023; x_wconf 91' lang='lat' dir='ltr'>tum</span> <span class='ocrx_word' id='word_1_251' title='bbox 1205 3971 1301 4022; x_wconf 85' lang='lat' dir='ltr'>ex</span> <span class='ocrx_word' id='word_1_252' title='bbox 1335 3945 1554 4044; x_wconf 94' lang='lat' dir='ltr'>HM,</span> <span class='ocrx_word' id='word_1_253' title='bbox 1591 3939 1748 4022; x_wconf 89' lang='lat' dir='ltr'>five</span> <span class='ocrx_word' id='word_1_254' title='bbox 1783 3945 1947 4043; x_wconf 92' lang='lat' dir='ltr'>KF,</span> <span class='ocrx_word' id='word_1_255' title='bbox 1989 3942 2139 4022; x_wconf 91' lang='lat' dir='ltr'>erit</span> <span class='ocrx_word' id='word_1_256' title='bbox 2170 3943 2741 4051; x_wconf 64' lang='lat' dir='ltr'>restangulum</span> <span class='ocrx_word' id='word_1_257' title='bbox 2774 3943 2974 4042; x_wconf 90' lang='lat' dir='ltr'>NH,</span> <span class='ocrx_word' id='word_1_258' title='bbox 3012 3943 3201 4022; x_wconf 95' lang='lat' dir='ltr'>HM</span> <span class='ocrx_word' id='word_1_259' title='bbox 3238 3905 3571 4047; x_wconf 77' lang='lat' dir='ltr'>aequale</span> <span class='ocrx_word' id='word_1_260' title='bbox 3604 3941 3741 4020; x_wconf 89' lang='lat' dir='ltr'>tri-</span> 
     </span>
     <span class='ocr_line' id='line_1_27' title="bbox 990 4076 3740 4189; baseline -0.002 -28"><span class='ocrx_word' id='word_1_261' title='bbox 990 4080 1148 4162; x_wconf 87' lang='lat' dir='ltr'>bus</span> <span class='ocrx_word' id='word_1_262' title='bbox 1185 4078 1601 4189; x_wconf 87' lang='lat' dir='ltr'>quadratis</span> <span class='ocrx_word' id='word_1_263' title='bbox 1636 4106 1730 4160; x_wconf 88' lang='lat' dir='ltr'>ex</span> <span class='ocrx_word' id='word_1_264' title='bbox 1752 4082 1951 4180; x_wconf 91' lang='lat' dir='ltr'>DH,</span> <span class='ocrx_word' id='word_1_265' title='bbox 1980 4081 2179 4180; x_wconf 89' lang='lat' dir='ltr'>HK,</span> <span class='ocrx_word' id='word_1_266' title='bbox 2210 4081 2371 4163; x_wconf 91' lang='lat' dir='ltr'>KF.</span> <span class='ocrx_word' id='word_1_267' title='bbox 2438 4080 2701 4188; x_wconf 88' lang='lat' dir='ltr'>Igitur</span> <span class='ocrx_word' id='word_1_268' title='bbox 2735 4079 2891 4158; x_wconf 90' lang='lat' dir='ltr'>tria</span> <span class='ocrx_word' id='word_1_269' title='bbox 2916 4077 3111 4159; x_wconf 90' lang='lat' dir='ltr'>haec</span> <span class='ocrx_word' id='word_1_270' title='bbox 3137 4076 3535 4185; x_wconf 88' lang='lat' dir='ltr'>quadrata</span> <span class='ocrx_word' id='word_1_271' title='bbox 3561 4077 3740 4157; x_wconf 85' lang='lat' dir='ltr'>sunt</span> 
     </span>
     <span class='ocr_line' id='line_1_28' title="bbox 985 4209 3740 4326; baseline -0.002 -28"><span class='ocrx_word' id='word_1_272' title='bbox 985 4217 1100 4298; x_wconf 88' lang='lat' dir='ltr'>ad</span> <span class='ocrx_word' id='word_1_273' title='bbox 1130 4217 1702 4326; x_wconf 71' lang='lat' dir='ltr'>rec&#39;tangulum</span> <span class='ocrx_word' id='word_1_274' title='bbox 1732 4217 1908 4316; x_wconf 90' lang='lat' dir='ltr'>DE,</span> <span class='ocrx_word' id='word_1_275' title='bbox 1948 4217 2115 4316; x_wconf 91' lang='lat' dir='ltr'>KF,</span> <span class='ocrx_word' id='word_1_276' title='bbox 2153 4237 2251 4298; x_wconf 89' lang='lat' dir='ltr'>ut</span> <span class='ocrx_word' id='word_1_277' title='bbox 2286 4209 2888 4326; x_wconf 60' lang='lat' dir='ltr'>(rectangulum</span> <span class='ocrx_word' id='word_1_278' title='bbox 2922 4218 3120 4317; x_wconf 91' lang='lat' dir='ltr'>NH,</span> <span class='ocrx_word' id='word_1_279' title='bbox 3159 4215 3347 4294; x_wconf 91' lang='lat' dir='ltr'>HM</span> <span class='ocrx_word' id='word_1_280' title='bbox 3382 4217 3489 4296; x_wconf 91' lang='lat' dir='ltr'>ad</span> <span class='ocrx_word' id='word_1_281' title='bbox 3524 4215 3740 4295; x_wconf 86' lang='lat' dir='ltr'>idem</span> 
     </span>
     <span class='ocr_line' id='line_1_29' title="bbox 988 4352 3738 4466; baseline 0.001 -32"><span class='ocrx_word' id='word_1_282' title='bbox 988 4355 1559 4463; x_wconf 67' lang='lat' dir='ltr'>re&amp;angulum</span> <span class='ocrx_word' id='word_1_283' title='bbox 1603 4355 1780 4454; x_wconf 91' lang='lat' dir='ltr'>DE,</span> <span class='ocrx_word' id='word_1_284' title='bbox 1830 4355 1997 4454; x_wconf 91' lang='lat' dir='ltr'>KF,</span> <span class='ocrx_word' id='word_1_285' title='bbox 2060 4352 2216 4434; x_wconf 90' lang='lat' dir='ltr'>hoc</span> <span class='ocrx_word' id='word_1_286' title='bbox 2278 4355 2390 4434; x_wconf 87' lang='lat' dir='ltr'>est</span> <span class='ocrx_word' id='word_1_287' title='bbox 2446 4353 2575 4466; x_wconf 86' lang='lat' dir='ltr'>ut)</span> <span class='ocrx_word' id='word_1_288' title='bbox 2636 4356 2852 4434; x_wconf 59' lang='lat' dir='ltr'>recta</span> <span class='ocrx_word' id='word_1_289' title='bbox 2898 4355 3065 4433; x_wconf 91' lang='lat' dir='ltr'>NH</span> <span class='ocrx_word' id='word_1_290' title='bbox 3114 4353 3219 4431; x_wconf 91' lang='lat' dir='ltr'>ad</span> <span class='ocrx_word' id='word_1_291' title='bbox 3265 4353 3525 4460; x_wconf 90' lang='lat' dir='ltr'>ipsam</span> <span class='ocrx_word' id='word_1_292' title='bbox 3569 4353 3738 4436; x_wconf 90' lang='lat' dir='ltr'>DE.</span> 
     </span>
     <span class='ocr_line' id='line_1_30' title="bbox 992 4489 3743 4602; baseline -0.001 -31"><span class='ocrx_word' id='word_1_293' title='bbox 992 4493 1362 4600; x_wconf 89' lang='lat' dir='ltr'>Duplum</span> <span class='ocrx_word' id='word_1_294' title='bbox 1397 4490 1654 4602; x_wconf 89' lang='lat' dir='ltr'>igitur</span> <span class='ocrx_word' id='word_1_295' title='bbox 1687 4490 2275 4598; x_wconf 87' lang='lat' dir='ltr'>quadratorum</span> <span class='ocrx_word' id='word_1_296' title='bbox 2322 4519 2417 4573; x_wconf 86' lang='lat' dir='ltr'>ex</span> <span class='ocrx_word' id='word_1_297' title='bbox 2460 4493 2658 4590; x_wconf 95' lang='lat' dir='ltr'>DH,</span> <span class='ocrx_word' id='word_1_298' title='bbox 2698 4493 2897 4591; x_wconf 91' lang='lat' dir='ltr'>HK,</span> <span class='ocrx_word' id='word_1_299' title='bbox 2940 4493 3074 4570; x_wconf 90' lang='lat' dir='ltr'>KF</span> <span class='ocrx_word' id='word_1_300' title='bbox 3120 4489 3229 4570; x_wconf 84' lang='lat' dir='ltr'>est</span> <span class='ocrx_word' id='word_1_301' title='bbox 3276 4491 3379 4570; x_wconf 89' lang='lat' dir='ltr'>ad</span> <span class='ocrx_word' id='word_1_302' title='bbox 3425 4491 3743 4571; x_wconf 73' lang='lat' dir='ltr'>rectan·</span> 
     </span>
    </p>
   </div>
  </div>
 </body>
</html>
