4109 5609
873 424 977 513 28
1221 421 1394 501 DE
1461 394 2161 503 sEchNE
2229 421 3290 509 DETERMINATA

1337 694 2290 778 “CONVERSA
2393 698 2793 782 PROP.
2864 702 3167 783 XVIII.
3414 801 3423 811 .

883 920 950 961 “'
991 915 1188 1000 SIT
1219 916 1438 995 rasta
1471 914 1685 993 linea
1718 914 1891 1013 AB,
1927 934 2021 995 .et
2055 914 2147 993 in
2183 911 2355 1020 ipsa
2389 914 2547 994 tria
2582 916 2889 1021 punaa
2914 918 3018 1023 Ὀ,
3056 920 3162 1016 Ι),
3206 918 3270 995 Ε
3290 949 3312 1013 3
3364 915 3460 997 fit
3496 945 3647 997 au-

741 1105 752 1114 ·
881 1058 943 1097 “
991 1074 1164 1133 tem
1197 1071 1294 1132 ut
1327 1052 1900 1159 reRangulum
1931 1053 2156 1131 ABD
2202 1051 2309 1131 ad
2354 1052 2925 1159 restangulum
2967 1055 3224 1152 ABD,
3276 1053 3394 1136 ita
3438 1083 3649 1161 qua-

885 1194 946 1239 “
993 1190 1328 1273 dratum
1378 1217 1472 1269 ex
1521 1190 1654 1267 BC
1702 1188 1809 1267 ad
1859 1188 2358 1295 quadratum
2417 1216 2512 1269 ex
2572 1191 2731 1295 CE.
2840 1190 3017 1272 Erit
3078 1192 3652 1299 refiangulum

886 1330 946 1369 “
991 1328 1214 1439 'BAE
1246 1325 1352 1404 ad
1386 1326 1959 1433 rediangulum
1994 1326 2241 1426 BDE,
2286 1346 2382 1407 ut
2417 1325 2915 1432 quadratum
2960 1354 3055 1408 ex
3098 1328 3244 1406 AC
3292 1326 3398 1407 ad
3444 1356 3653 1435 qua-

893 1466 951 1507 “
977 1463 1336 1587 ‘dratum
1373 1490 1468 1543 ex
1501 1459 1728 1546 GD.”
1927 1506 1939 1513 ·

1027 1740 1420 1821 Sumatur
1453 1735 1678 1818 enim
1713 1732 2221 1841 aequalitatis
2259 1736 2664 1839 punfflm
2684 1738 2785 1837 F,
2836 1730 2942 1835 et,
2991 1754 3089 1815 ut
3122 1737 3212 1816 in
3248 1738 3480 1841 Prop.
3530 1736 3655 1821 18.

891 1877 1352 1961 ostendetur
1385 1872 1535 1955 effe
1567 1876 1703 1954 AF
1742 1872 1847 1951 ad
1882 1874 2046 1970 FD,
2096 1892 2193 1952 ut
2227 1872 2801 1981 r‘e6'tangulum
2833 1874 3043 1952 BAE
3080 1874 3185 1956 ad
3218 1858 3657 1981 {effangu-
3746 1890 3753 1895 '

893 2014 1074 2093 lum
1110 2014 1350 2093 BDE.
1443 2014 1558 2091 -Et
1603 2007 1994 2108 similiter,
2047 2009 2451 2114 quoniam·
2490 2010 3059 2117 refiangulum
3094 2012 3287 2089 BFE
3324 2011 3659 2118 aequale

891 2151 1004 2233 est
1038 2150 1210 2257 ipso
1242 2151 1485 2249 AFD,
1537 2148 1686 2228 erit
1736 2134 2009 2252 [ΡΙ-ορ.
2062 2142 2171 2254 1.]
2220 2168 2317 2227 ut
2361 2148 2487 2226 BF
2534 2146 2643 2229 ad
2687 2149 2841 2247 FE,
2889 2147 3009 2227 ita
3056 2140 3671 2255 (reetangulum

893 2290 1120 2367 ABD
1157 2288 1260 2369 ad
1297 2286 1565 2392 ipsum
1597 2286 1851 2381 AED,
1903 2304 1982 2361 et
2015 2282 2093 2361 i·-

897 2446 1012 2524 ta,
1064 2452 1160 2504 ex
1197 2420 1684 2533 hypothefi,)
1735 2422 1846 2501 est
1889 2448 2101 2525 qua-
2358 2462 2437 2539 A
2530 2456 2597 2536 C
2661 2455 2741 2532 D
2960 2452 3021 2528 F
3364 2444 3433 2523 E
3516 2442 3582 2521 Β

897 2562 1232 2641 dratum
1271 2590 1366 2640 ex
1403 2562 1536 2639 BC
1588 2561 1692 2639 ad
1744 2556 2101 2664 quadra·
2356 2594 2579 2635 ......·.
2704 2590 2717 2615 ·
2996 2586 3009 2611 ·

826 2694 832 2709 ’
899 2720 1086 2777 tum
1123 2727 1218 2777 ex
1253 2700 1412 2781 CE.
1505 2697 1771 2805 Igitur
1821 2692 2094 2803 [Prop.

913 2864 942 2919 1
963 2832 1082 2945 7,]
1127 2828 1698 2943 Γὲξὶεῐιὲὠυπι
1733 2834 1954 2930 BFE,
1991 2831 2149 2910 hoc
2186 2830 2297 2908 est
2328 2830 2571 2927 AFD,
2622 2828 2960 2935 aequale
2988 2826 3099 2907 est
3132 2827 3530 2933 quadrato
3566 2852 3664 2907 ex

903 2975 1070 3072 CF3
1145 3000 1424 3079 quare,
1475 2998 1618 3076 per
1651 2967 2119 3049 conversam
2154 2968 2387 3071 Prop.
2438 2965 2561 3047 16.
2608 2986 2707 3045 ut
2748 2966 2884 3045 AF
2922 2962 3027 3043 ad
3074 2966 3239 3064 FD,
3288 2964 3403 3045 ita
3450 2992 3665 3070 qua-

903 3110 1238 3190 dratum
1273 3138 1366 3187 ex
1401 3108 1543 3187 AC
1579 3104 1684 3185 ad
1719 3106 2214 3211 quadratum
2248 3129 2345 3181 ex
2368 3104 2537 3185 CD.
2606 3101 3035 3183 Ostensum
3072 3122 3343 3181 autem
3378 3101 3545 3179 fuit
3564 3120 3662 3180 ut

908 3249 1044 3333 AF
1081 3245 1186 3324 ad
1219 3248 1384 3345 FD,
1433 3244 1548 3323 ita
1579 3241 2153 3349 ressangulum
2186 3241 2396 3319 BAE
2434 3238 2537 3317 ad
2585 3239 3151 3345 restangulum
3196 3240 3437 3319 BDE.
3539 3238 3665 3317 Ut

905 3384 1164 3491 igitur
1206 3380 1781 3487 refflngulum
1823 3379 2034 3459 BAE
2082 3374 2187 3456 ad
2230 3376 2797 3484 reaestangulum
2843 3377 3083 3475 BDE,
3136 3374 3253 3454 ita
3300 3376 3413 3456 est
3457 3400 3669 3480 qua-

853 3626 857 3631 ·
913 3520 1244 3602 dratum
1279 3548 1374 3599 ex
1407 3520 1554 3599 AC
1587 3514 1694 3597 ad
1729 3516 2224 3624 quadratum
2263 3540 2359 3595 ex
2394 3515 2564 3593 CD.
