4109 5609
867 410 1016 493 viii
1573 406 3016 492 PRAEFATIO.

992 628 1382 733 ,Denique
1417 653 1609 707 cum
1643 624 1845 705 fflibri
1891 624 1993 705 de
2025 624 2975 706 Se&ione„Dete1-minata
3024 624 3607 727 non-infimum

870 766 1144 847 locum
1181 783 1503 843 teneant
1539 764 1749 843 inter
1773 790 1903 841 eos
1941 790 2145 869 quos
2173 762 2273 841 ad
2301 760 2660 869 analyfin
2698 763 3334 867 promovendam
3360 764 3609 870 scrip-

871 902 1142 983 serunt
1177 922 1474 981 veteres
1510 900 2017 998 Geometrae,
2072 898 2345 977 nullus
2396 876 2994 1003 problematum
3041 898 3376 1003 alicujus
3426 926 3609 978 mo-

870 1039 1129 1118 menti
1177 1038 1400 1119 casus
1449 1016 1776 1117 omissus
1827 1036 1964 1135 est,
2022 1036 2406 1140 nullaque
2454 1034 3043 1135 determinati0‚
3088 1033 3255 1114 fine
3304 1036 3605 1140 quibus

871 1174 1116 1277 hujus
1151 1172 1462 1281 generis
1499 1173 1688 1251 libri
1727 1172 1858 1251 vix
1901 1172 2149 1251 ullius
2182 1172 2373 1251 sunt
2421 1170 2681 1276 pretii.
2790 1170 3099 1251 Exinde
3146 1193 3417 1251 autem
3448 1172 3607 1253 de-

871 1310 1488 1393 monstrationes
1525 1307 1924 1415 longiores
1961 1308 2417 1403 evaserunt3
2467 1328 2546 1385 et
2582 1310 2897 1413 Pappus
2932 1308 3268 1413 quidem
3292 1334 3609 1389 memo·

872 1469 998 1526 rat
1035 1448 1225 1525 tales
1272 1444 1502 1525 fuiffe
1537 1442 1775 1549 ipsius
1809 1444 2255 1549 Apollonii,
2306 1465 2630 1548 propter
2670 1444 2965 1523 scilicet
3000 1443 3609 1525 determinatio·

874 1611 1016 1663 nes
1055 1583 1466 1665 intricatas
1505 1602 1582 1663 et
1615 1580 2008 1679 difficiles,
2066 1608 2269 1687 quas
2320 1579 2655 1685 quidem
2702 1580 2817 1659 ita
2851 1578 2999 1661 effe
3029 1606 3123 1659 ex
3160 1578 3343 1684 ipfis
3380 1580 3607 1663 libris

873 1720 1060 1803 satis
1107 1720 1500 1823 superque
1549 1717 1878 1822 patebit.
1949 1719 2106 1797 Eos
2154 1737 2430 1797 autem
2464 1714 2617 1797 hoc
2668 1716 2914 1797 modo
2948 1716 3347 1797 restitutos
3384 1719 3607 1799 Geo-

871 1855 1204 1939 metriae
1227 1858 1620 1935 Veterum
1647 1853 1962 1958 cupidis
1992 1880 2255 1959 neque
2292 1852 2781 1956 injucundos
2809 1880 3071 1959 neque
3104 1853 3431 1933 inutiles
3466 1852 3607 1935 fu·-

873 2012 1096 2073 turos
1135 2018 1386 2098 quam
1421 1991 1774 2073 maxime
1801 2011 2211 2094 optamus,

1009 2129 1104 2209 In
1129 2125 1842 2211 Transastionibus
1881 2124 2483 2231 Philosophicis,
2522 2126 2717 2205 anni
2746 2164 2885 2183 --
2924 2126 3059 2207 No
3084 2165 3226 2217 ·,-—-
3257 2155 3441 2237 pag.
3476 2166 3615 2188 --

871 2264 1136 2347 Video
1171 2264 1412 2347 usum
1447 2264 1928 2345 lemmatum
1963 2262 2211 2367 Pappi
2248 2262 2337 2341 in
2368 2263 2762 2342 solutione
2788 2262 3387 2368 problematum
3420 2266 3607 2347 Sec-

785 2476 802 2487 .
874 2400 1119 2482 tionis
1156 2400 1752 2485 Determimtae
1796 2398 2229 2481 innotuiffe
2272 2396 2451 2479 viro
2494 2397 2945 2479 doetiffimo
2978 2400 3339 2481 Henrico
3374 2404 3608 2482 Pem-

873 2539 1191 2636 berton,
1241 2538 1366 2617 M.
1399 2538 1504 2617 D.
1552 2534 1777 2642 quod
1811 2535 2157 2615 ostendit
2188 2538 2565 2642 exemplo
2611 2563 2779 2615 uno
2824 2562 2919 2614 ex
2964 2536 3174 2616 libro
3220 2538 3485 2642 primo
3530 2561 3608 2620 et

877 2675 1125 2759 a-ltero
1160 2699 1256 2751 ex
1279 2671 1487 2752 libro
1521 2672 1872 2753 secundo
1907 2671 2297 2751 SeCiionis
2328 2672 2967 2769 Determinatae3
3019 2672 3109 2751 in
3142 2673 3298 2755 hoc
3333 2696 3606 2755 autem

875 2810 1171 2897 ultimo
1209 2836 1378 2889 non
1416 2808 1664 2889 tradit
1697 2808 2112 2914 Apollonii
2159 2809 2943 2908 determinationem,
2995 2836 3283 2889 verum
3330 2812 3603 2913 aliam,

869 2974 974 3031 ex
1017 2974 1182 3052 qua
1227 2945 1560 3053 quidem
1610 2971 1780 3024 non
1837 2944 2311 3027 immediate
2357 2930 2867 3065 cognoscitur
2922 2972 3129 3027 num
3186 2948 3605 3054 problema

847 3080 1053 3171 'fieri
1083 3102 1229 3169 aut
1259 3108 1434 3167 non
1466 3078 1639 3169 fieri
1669 3081 1950 3191 potest.
