4109 5609
1032 390 1287 491 'DE
1388 334 2597 523 voum-MATHSUS.
3051 436 3216 519 401

458 642 785 711 tantum
822 632 1081 710 rectae
1123 624 1545 712 Porismati
1579 625 2109 711 satisfaciunts
2203 627 2718 739 Investigatio
2755 648 3032 709 autem
3065 632 3222 711 Po-

462 767 809 849 rismatis
846 766 1161 867 itafiet.
1450 766 1453 769 ’
2461 866 2468 872 ‚

592 906 775 984 Sint
817 908 923 1004 A,
963 906 1027 981 B
1076 906 1381 1010 puncta
1426 902 1643 1003 data,
1698 932 1745 982 a
1789 904 2092 1010 quibus
2141 903 2245 981 ad
2292 905 2598 985 reclam
2644 906 2787 983 CD
2834 900 3222 1010 pofitione

458 1043 736 1121 datam
782 1039 1307 1122 inflectantur
1350 1062 1771 1147 utcunque
1814 1043 2074 1121 rectae
2118 1042 2292 1140 ΑΕ,
2333 1042 2508 1138 ΒΕ;
2585 1041 2897 1120 auferat
2943 1064 3222 1123 autem

458 1206 739 1257 earum
770 1206 939 1260 una
961 1180 1105 1257 AE
1142 1208 1189 1257 a
1222 1180 1439 1261 recta
1461 1175 1846 1284 pofitione
1880 1178 2071 1257 data
2108 1181 2232 1258 CF
2267 1178 2780 1285 segmentum
2817 1178 2990 1256 GH
3028 1179 3220 1259 dato

459 1318 763 1421 puncto
813 1319 903 1395 H
964 1315 1333 1422 'adjacens
1365 1347 1388 1414 3
1460 1314 2049 1399 ostendendum
2095 1317 2205 1395 est
2251 1315 2588 1395 alteram
2631 1312 3020 1395 inflexam
3065 1318 3128 1393 B
3149 1318 3217 1397 E

457 1452 769 1533 auferre
811 1452 1325 1562 segmentum
1370 1454 1475 1533 ab
1520 1454 1679 1533 alia
1726 1453 2085 1561 quadam
2131 1455 2348 1535 rec'ta
2393 1454 2588 1531 dato
2632 1456 2940 1558 puncto
2987 1454 3075 1531 in
3124 1481 3216 1534 ea

452 1588 823 1694 adjacens
883 1592 1107 1696 quod
1170 1592 1275 1669 ad
1334 1592 1681 1671 alterum
1725 1592 2236 1701 segmentum
2281 1590 2364 1669 G
2387 1594 2476 1669 H
2521 1590 2768 1671 habet
2812 1590 3212 1671 rationem
3273 1688 3286 1703 .
3343 1606 3348 1613 '

354 1790 361 1799 .
452 1726 793 1807 eandem
828 1726 1061 1811 datae
1094 1728 1393 1809 rationi
1428 1754 1681 1837 quam
1714 1728 1961 1809 habet
1997 1729 2189 1808 data
2223 1731 2436 1810 recta
2467 1722 2522 1823 β
2557 1727 2662 1807 ad
2696 1729 2976 1810 datam
3011 1754 3092 1829 ᾳ,
3131 1750 3216 1809 et

458 3412 613 3490 alia
648 3409 841 3487 haec
880 3408 1093 3487 recta
1127 3402 1615 3483 invenienda
1651 3402 1761 3481 est
1794 3424 1873 3481 et
1907 3384 2104 3481 data'
2131 3400 2646 3503 ostendenda,
2690 3427 2767 3485 et
2804 3408 3208 3511 punctum

456 3547 547 3625 in
582 3574 701 3645 ea,
753 3545 886 3623 cui
922 3543 1228 3648 adjacet
1273 3542 1783 3648 segmentum
1830 3538 2395 3639 auferendum,
2446 3540 2738 3621 datum
2783 3542 3209 3623 ostenden-

456 3685 661 3761 dum
698 3682 831 3763 est.

592 3824 793 3897 Puta
838 3816 1190 3897 Porisma
1236 3843 1521 3895 verum
1570 3810 1745 3914 effe,
1812 3836 1890 3894 et
1935 3816 2240 3893 rectam
2290 3816 2434 3894 KL
2485 3844 2666 3895 eam
2713 3814 2860 3897 effe
2907 3846 3002 3897 ex
3048 3844 3214 3925 qua

452 3956 963 4063 segmentum
1002 3952 1539 4033 auferendum
1574 3952 1685 4031 est
1730 3952 1833 4029 ab
1880 3948 2178 4029 inflexa
2214 3980 2260 4029 a
2297 3954 2602 4057 punc'to
2647 3955 2738 4053 B,
2791 3974 2870 4034 et
2917 3952 3077 4035 effe·
3111 3956 3212 4035 M

458 4095 861 4197 punctum
898 4090 1033 4169 cui
1066 4089 1577 4196 segmentum
1612 4086 1944 4193 adjacet.
2017 4090 2412 4169 Occurrat
2451 4090 2705 4198 igitur
2729 4092 2862 4169 BE
2881 4089 3033 4197 .ipfi
3061 4092 3208 4172 KL

454 4227 548 4307 in
580 4232 687 4329 N,
738 4248 815 4307 et
850 4228 1028 4308 NM
1064 4226 1215 4305 erit
1249 4226 1757 4335 segmentum
1794 4224 2245 4307 absciffum.
2347 4228 2465 4305 Ex
2501 4225 2922 4334 hypothefi
2956 4228 3212 4337 igitur

456 4364 697 4451 habet
744 4366 919 4444 GH
966 4364 1071 4443 ad
1117 4366 1297 4443 NM
1342 4365 1681 4445 eandem
1726 4363 2128 4443 rationem
2175 4391 2430 4469 quam
2478 4364 2724 4444 habet
2769 4366 2984 4446 recta
3019 4388 3068 4439 α
3107 4363 3213 4441 ad

454 4502 708 4615 ipsam
740 4498 816 4597 β.
886 4498 1283 4585 Occurrat
1304 4501 1592 4608 junc’ca
1626 4502 1769 4581 AB
1804 4498 1952 4612 ipfi
1988 4503 2130 4581 CD
2167 4500 2256 4581 in
2281 4502 2390 4600 D,
2429 4523 2509 4582 et
2535 4504 2686 4601 CF,
2716 4504 2863 4582 KL
2889 4498 3034 4610 ipfi
3055 4500 3224 4580 AD·

1727 4640 1795 4717 E
1841 4664 1881 4717 e
1929 4665 1971 4718 e
