4109 5609
1046 345 1233 474 D‘E
1328 387 2562 480 PQRISMA‘HBUS.
3009 415 3196 510 527

384 610 1041 696 demonstranda
1084 607 1597 716 proponitur,
1660 608 1857 690 haec
1908 608 2047 709 est,
2111 610 2696 720 rectangul'um·
2732 609 2918 719 i'pfis
2964 608 3198 698 con?

384 771 731 830 tentum
777 749 1069 828 datum
1126 745 1316 847 effe3
1391 743 1621 853 quod
1664 747 2238 854 rediangulum
2281 748 2536 829 etiam
2580 749 3190 835 inveniendm

388 885 593 967 fuit.
1596 895 1602 900 ’

534 1021 945 1102 Conversa
1000 1018 1247 1124 hujus
1308 1018 1769 1100 porismatis
1816 1019 1927 1100 est
1980 1017 2122 1102 hic
2167 1021 2468 1122 Locus,
2517 1023 2680 1105 viz.
2749 1025 2834 1104 si
2879 1054 2933 1104 a
2965 1027 3174 1126 ‚dato

390 1160 717 1264 punito
754 1159 821 1236 E
854 1156 1265 1237 ducantur
1299 1155 1507 1236 duae
1540 1157 1801 1238 restae
1836 1155 2092 1236 lineae
2127 1159 2282 1257 EF,
2313 1159 2466 1238 EG
2489 1158 2584 1238 in
2606 1159 2888 1240 eadem
2921 1159 3168 1270 resta,

392 1295 697 1375 datum
728 1294 1239 1388 continentes
1274 1291 1629 1400 spatium
1659 1326 1683 1392 3
1754 1313 2043 1401 tangat
2079 1314 2354 1374 autem
2386 1296 2788 1378 terminus
2825 1301 2883 1378 F
2917 1300 3170 1382 unius
3261 1295 3272 1312 '

394 1435 713 1516 rectam
748 1431 1048 1510 lineam
1081 1431 1225 1508 AB
1258 1427 1648 1534 positione
1688 1429 1999 1528 datam,
2050 1450 2332 1540 tanget
2377 1432 2778 1514 terminus
2831 1433 2918 1514 G
2965 1437 3172 1539 alte-r
3229 1485 3240 1498 ·

396 1569 575 1650 rius
614 1565 1357 1654 circumferentiam
1391 1557 2118 1670 positione'datam.
2187 1567 2364 1682 Qi
2403 1569 2666 1650 Locus
2693 1570 2802 1650 est
2835 1575 3067 1679 Prop.
3089 1575 3166 1657 8.
3215 1545 3248 1568 Ἣ

398 1705 592 1789 Lib.
633 1734 662 1787 1
681 1768 701 1788 .
735 1705 1147 1786 Locorum
1178 1703 1617 1784 Planorum
1648 1702 2096 1808 Apollonii,
2137 1704 2282 1811 qui
2315 1690 2722 1813 Glasg'uae
2757 1707 2954 1816 editi
2977 1709 3172 1792 sunt

402 1871 625 1922 anno
676 1871 705 1922 1
724 1867 911 1951 749.
1004 1839 1460 1918 Theorema
1496 1859 1771 1919 autem
1804 1865 1901 1918 ex
1934 1839 2090 1920 hoc
2125 1843 2346 1922 Loco
2381 1841 2804 1924 manifeste
2847 1844 3171 1927 deriva-

400 2001 617 2079 tum,
672 1979 899 2086 quod
933 1995 1352 2083 propterea
1385 1974 1841 2054 Theorema
1875 1976 2168 2058 Locale
2201 1977 2583 2058 dixerunt
2618 1973 2950 2082 vetereS,
3005 1983 3166 2066 hoc
3241 1967 3250 1978 ¹

363 2185 372 2192 .
404 2117 547 2216 est,
582 2113 645 2194 fi
682 2144 729 2194 a
765 2134 1041 2196 centro
1076 2111 1361 2192 circuli
1394 2113 1462 2191 L
1498 2109 1607 2190 ad
1638 2113 1943 2192 rectam
1976 2115 2122 2192 AB
2161 2115 2511 2195 ducatur
2542 2118 3164 2224 perpendicula-

402 2253 519 2334 ris
551 2253 717 2332 LH
753 2248 1449 2332 circumferentiae
1483 2275 1908 2329 occurrens
1944 2249 2037 2327 in
2073 2251 2167 2349 E,
2209 2253 2316 2350 K,
2369 2271 2447 2330 et
2482 2281 2625 2357 per
2657 2258 3063 2360 punctum
3099 2259 3170 2338 E

404 2409 828 2496 utcunque
860 2389 1211 2467 ducatur
1242 2386 1459 2466 recta
1493 2384 1704 2465 FEG
1740 2413 1951 2492 quae
1984 2408 2358 2467 occurrat
2387 2391 2650 2472 rectae
2681 2393 2824 2470 AB
2859 2392 2952 2472 in
2995 2397 3054 2474 F
3089 2415 3170 2476 et

402 2523 1105 2614 circumferentiae
1147 2521 1421 2602 rursus
1468 2521 1559 2601 in
1606 2523 1721 2621 G,
1783 2525 2356 2632 reaangulum
2401 2527 2458 2604 F
2475 2528 2570 2628 E,
2619 2527 2788 2608 EG
2835 2523 3170 2638 aequale

402 2663 553 2746 erit
586 2661 1061 2770 refflmgulo
1084 2661 1272 2758 HE,
1304 2661 1475 2744 ΕΚ.
1546 2658 1632 2740 Si
1666 2687 1857 2739 vero
1890 2658 2354 2766 hypothesis
2389 2661 2637 2769 hujus
2676 2666 3168 2749 Theorema-

405 2799 509 2882 ἀς
543 2799 946 2899 deficeret,
990 2794 1151 2877 five
1186 2796 1599 2876 diminuta
1636 2794 1821 2877 efl'et
1856 2823 2023 2876 una
2061 2798 2557 2899 conditione,
2595 2799 2751 2882 hoc
2783 2803 2926 2903 est,
2976 2803 3038 2882 fi
3072 2805 3166 2885 in

406 2963 499 3018 ea
529 2965 703 3019 non
736 2935 1197 3016 indicatum
1231 2931 1415 3013 effet
1450 2935 1857 3040 punitum
1888 2935 1957 3012 E
1990 2960 2136 3039 per
2168 2934 2397 3040 quod
2439 2937 2701 3018 rectae
2745 2939 3166 3046 ducendae

404 3075 619 3174 sunt,
658 3071 795 3154 sed
827 3073 983 3153 hoc
1021 3070 1268 3151 modo
1304 3068 1800 3177 propofitum
1834 3069 2049 3170 esset,
2078 3070 2238 3154 viz.
2273 3073 2488 3152 Dat‘a
2523 3072 2912 3179 pofitione
2944 3068 3164 3159 recta

404 3211 576 3310 AB,
615 3210 979 3318 datoque.
1006 3205 1392 3314 pofitione
1427 3228 1507 3288 et
1538 3207 2112 3316 magnitudine
2146 3209 2450 3290 circulo
2485 3195 2658 3312 CD,
2695 3212 2988 3293 datum
3011 3215 3168 3296 erit

406 3349 811 3456 pun-&um
845 3371 989 3453 per
1019 3344 1251 3452 quod
1280 3342 1341 3425 fi
1374 3323 1797 3452 uteunque
1830 3345 2182 3425 ducatur
2213 3347 2431 3432 reeta
2467 3371 2676 3452 quae
2708 3347 2858 3456 ipsi
2877 3351 3053 3450 AB,
3083 3372 3164 3431 et

404 3482 1103 3568 circumferentiae
1134 3502 1534 3583 occurrat,
1583 3481 1874 3566 datum
1909 3481 2062 3562 erit
2093 3483 2668 3594 rectangulum
2702 3513 2751 3565 a
2783 3483 3160 3594 segmen.-

404 3623 507 3704 tis
524 3623 825 3703 ductae
848 3619 1061 3700 inter
1084 3621 1491 3726 punctum
1513 3617 2106 3722 inveniendum
2131 3641 2210 3702 et
2232 3623 2540 3729 puncta
2561 3624 2938 3706 occursus
2963 3651 3162 3706 con—
3229 3607 3234 3612 ⁵

402 3779 769 3857 tentum3
822 3777 1041 3866 patet
1074 3753 1700 3862 propofitionem
1722 3756 1901 3862 jam
1935 3755 2027 3835 in
2061 3757 2416 3840 Porifina
2451 3761 2928 3865 praecedens
2965 3759 3192 3842 mua‘

402 3915 661 3980 tatam
694 3893 873 3978 effi.
973 3896 1161 3976 Hoc
1198 3893 1455 4002 igitur
1482 3895 1850 4000 exemplo
1882 3895 2096 3976 clare
2131 3897 2576 4002 explicatur
2601 3895 2980 3980 definitio
3011 3899 3160 4005 ju-

401 4034 738 4118 niorum
772 4030 939 4140 qua
968 4030 1323 4111 Porisma
1356 4015 1739 4112 dixerunt
1772 4027 1921 4112 effe
1952 4029 2045 4114 id
2081 4033 2308 4139 quod
2341 4032 2766 4142 hypothefi
2798 4035 3075 4117 deficit
3108 4063 3157 4116 a
3225 4019 3234 4026 ’

396 4169 935 4252 Theoremate
968 4167 1273 4252 Locali.
1367 4168 1647 4282 Qiam
1674 4167 2021 4276 quidem
2054 4169 2619 4252 definitionem
2653 4172 2944 4254 merito
2973 4173 3160 4254 cul·-

396 4329 539 4414 pat
572 4309 924 4414 Pappus,
948 4325 1233 4410 utpote
1268 4333 1365 4388 ex
1398 4306 1811 4392 accidente
1840 4327 2172 4390 tannim
2205 4297 2539 4413 saetam,
2568 4331 2664 4392 ut
2697 4311 2790 4392 in
2823 4309 3158 4419 sequen-

400 4443 625 4528 tibus
658 4443 1145 4528 ostendetur.
1244 4490 1254 4498 ·
1318 4529 1341 4542 ,
