4109 5609
940 455 987 501 ⁴2
1672 426 2851 495 APPENDIX.

930 611 1271 695 rectangulo
1302 613 1431 683 CA,
1468 613 1571 675 AF
1604 612 1843 695 aequale
1876 610 1961 675 est
1991 612 2220 693 reliquo
2252 608 2438 691 duplo
2473 606 2682 671 scilicet
2713 605 3056 690 reeiangulo
3089 608 3212 681 EC,
3251 616 3353 676 CB
3389 632 3502 675 nna
3537 632 3688 675 cum

931 712 1116 791 dupio
1142 712 1483 793 rectangulo
1508 714 1636 778 BA,
1675 716 1804 775 AC.
1876 713 2174 796 Qoniam
2206 728 2345 769 vero
2367 708 2750 789 aequi-angula
2785 702 2917 767 sunt
2943 708 3230 789 triangula
3263 714 3438 783 BFe,
3473 715 3688 780 ADC,

928 808 1011 869 est
1058 811 1155 869 FB
1199 808 1272 869 ad
1320 812 1443 880 BC,
1494 823 1563 870 ut
1602 811 1721 869 DA
1763 809 1835 869 ad
1880 812 2011 879 AC,
2065 824 2124 871 et
2170 822 2478 889 propterea
2524 804 2926 888 rectangulum
2976 806 3108 875 Ac,
3161 810 3262 871 BF
3303 811 3544 892 aequale
3589 806 3681 870 est

929 904 1035 985 ipsi
1077 908 1201 975 BC,
1250 910 1389 968 DA.
1473 909 1552 966 Et
1590 904 1673 968 est
1710 909 1807 968 BF
1844 907 1916 967 ad
1956 910 2080 976 ΡΑ,
2127 922 2194 966 ut
2229 906 2346 965 AD
2381 902 2454 963 ad
2489 907 2630 978 GH,
2665 906 2846 986 igitur
2869 899 3276 985 restangulum
3303 912 3430 979 AC,
3465 908 3566 969 BF
3589 905 3682 968 est

938 1004 1011 1065 ad
1045 1003 1448 1089 refrangulum
1482 1008 1613 1077 CA,
1648 1007 1775 1077 AF,
1810 1020 1875 1067 ut
1898 1004 2306 1087 restangulum
2339 1003 2464 1079 BC,
2501 1005 2618 1066 AD
2651 1002 2726 1064 ad
2761 997 2950 1085 ipsum
2984 1002 3110 1073 BC,
3153 1012 3312 1087 (ΕΙ-13
3359 1005 3444 1069 est
3475 1020 3691 1067 autem.

928 2070 1329 2153 refrangutum
1354 2072 1483 2139 Ac,
1520 2073 1620 2135 BF
1638 2068 1875 2151 aequale
1910 2068 2012 2150 ipfi
2042 2072 2170 2140 BC,
2206 2070 2361 2145 AD3
2397 2068 2802 2155 restangulum
2825 2070 3006 2152 igitur
3029 2074 3160 2146 CA,
3203 2076 3303 2135 AF
3329 2076 3570 2157 aequale
3589 2074 3672 2139 est

926 2169 1029 2249 ipfi
1062 2173 1184 2243 BC,
1224 2174 1363 2231 Gi-I.
1421 2173 1500 2229 Et
1526 2171 1803 2250 quoniam
1829 2165 1911 2228 est
1946 2170 2045 2227 BF
2073 2166 2142 2227 ad
2169 2170 2296 2239 BA,
2333 2183 2402 2229 ut
2425 2170 2540 2229 AD
2565 2168 2638 2230 ad
2665 2172 2798 2239 CG,
2837 2170 2948 2229 erit
2973 2168 3376 2252 reciangulum
3405 2177 3534 2245 CA,
3571 2174 3670 2235 BF

924 2269 995 2327 ad
1023 2264 1209 2345 ipsum
1247 2272 1375 2337 CA,
1414 2272 1540 2339 AB,
1580 2282 1643 2327 ut
1674 2264 2080 2347 reeiangulum
2115 2268 2241 2334 BC,
2277 2268 2395 2326 AD
2425 2265 2497 2325 ad
2525 2264 2711 2347 ipsum
2749 2268 2872 2336 BC,
2909 2270 3059 2340 CG;
3111 2267 3195 2330 est
3233 2271 3412 2352 igitur
3445 2270 3666 2334 rectan-

923 2366 1132 2444 gulam
1156 2369 1283 2431 CA.
1323 2369 1425 2425 AB
1450 2366 1688 2445 aequale
1710 2362 2049 2444 recl-angulo
2073 2364 2196 2433 BC,
2225 2365 2358 2425 CG.
2412 2362 2714 2425 Ostensum
2736 2378 2929 2426 autem
2953 2362 3068 2427 fuit
3085 2367 3440 2447 quadratum
3463 2389 3540 2431 ex
3563 2374 3668 2431 EC

924 2480 1039 2521 una
1064 2482 1199 2523 cum
1226 2464 1411 2543 duplo
1440 2460 1781 2545 rec‘hmguio
1804 2463 1935 2531 CA,
1972 2462 2077 2521 AF
2109 2460 2348 2541 aequale
2369 2460 2552 2541 duplo
2576 2460 2916 2544 restangulo
2943 2464 3069 2533 EC,
3105 2467 3208 2525 CB
3247 2485 3362 2527 una
3390 2487 3526 2529 cum
3559 2468 3670 2529 du-

926 2560 1025 2639 plo
1060 2558 1237 2638 ipsius
1274 2564 1403 2633 CA,
1442 2564 1591 2635 AB;
1643 2562 1825 2641 igitur
1848 2558 2202 2638 quadratum
2235 2578 2313 2619 ex
2347 2561 2452 2619 EC
2492 2578 2606 2621 una
2631 2578 2770 2621 cum
2803 2559 2988 2639 duplo
3023 2560 3364 2644 reaangulo
3391 2568 3515 2636 BC,
3551 2568 3676 2629 GH

921 2659 1161 2738 aequale
1196 2658 1279 2721 est
1316 2658 1501 2739 duplo
1536 2656 1875 2740 restangulo
1915 2660 2039 2726 Ec,
2093 2660 2194 2718 CB
2241 2676 2356 2717 una
2393 2676 2530 2719 cum
2565 2656 2750 2738 duplo
2790 2656 2968 2737 ipfius
3003 2661 3128 2729 BC,
3179 2664 3330 2736 CG;
3383 2677 3444 2725 et
3475 2665 3672 2726 ablato

920 2758 1242 2832 communi,
1280 2756 1464 2837 duplo
1486 2754 1692 2819 scilicet
1717 2754 2059 2836 ressangulo
2087 2756 2211 2828 BC,
2247 2757 2390 2825 GH,
2425 2757 2537 2817 erit
2573 2754 2927 2835 quadratum
2961 2776 3037 2818 ex
3073 2758 3176 2819 EC
3211 2760 3453 2840 aequale
3485 2760 3670 2843 duplo

920 2852 1261 2938 restangulo
1288 2858 1411 2924 BC,
1442 2857 1573 2918 EH.
1628 2857 1782 2915 Data
1808 2867 2003 2913 autem
2026 2850 2110 2913 est
2133 2850 2289 2914 reeta
2313 2854 2440 2923 EC,
2473 2866 2532 2913 et
2557 2854 2698 2933 quia
2723 2852 2889 2915 datae
2913 2850 3042 2915 sunt
3065 2858 3199 2925 CG,
3235 2860 3375 2924 GH,
3405 2858 3538 2921 data
3557 2861 3668 2920 erit

922 2955 1052 3023 ΕΗ,
1092 2972 1273 3035 quare
1298 2952 1431 3012 data
1455 2954 1565 3015 erit
1590 2956 1693 3013 BC
1730 2949 1875 3013 bafis
1904 2951 2178 3031 trianguli
2211 2954 2395 3013 ΑΒΘ.
2479 2953 2560 3011 Et
2593 2952 2874 3032 quoniam
2898 2951 3067 3013 datus
3091 2950 3174 3013 est
3203 2958 3364 3017 BAC
3397 2960 3676 3039 angulus,

920 3052 1105 3132 tangit
1130 3050 1413 3132 pum‘lum
1440 3053 1491 3111 A
1513 3047 2035 3112 circumferentiam
2061 3046 2344 3129 pofitione
2367 3046 2558 3109 datam
2590 3050 2803 3128 [Prop.
2833 3066 2900 3111 2.
2927 3049 3060 3113 Lib.
3097 3069 3118 3110 ι
3139 3098 3156 3113 .
3193 3052 3494 3133 Apollonii
3521 3058 3662 3117 Loc.

919 3148 1119 3221 Plan]
1159 3164 1218 3209 et
1242 3151 1521 3228 quoniam
1542 3146 1793 3210 altitudo
1822 3148 1937 3207 AD
1964 3145 2098 3207 data
2117 3144 2200 3207 est
2224 3148 2412 3229 tangit
2437 3146 2592 3207 idem
2618 3144 2904 3227 punctum
2931 3151 2983 3209 A
3011 3146 3228 3210 restam
3255 3150 3542 3231 politione
3567 3151 3680 3213 da-

921 3262 1038 3307 tarn
1072 3252 1141 3325 [3
1160 3266 1191 3328 7
1209 3294 1223 3309 .
1254 3244 1463 3319 Dat.].
1511 3249 1735 3308 Datum
1756 3244 1939 3328 igitur
1964 3242 2047 3305 est·
2061 3242 2346 3325 punctum
2375 3246 2452 3315 A,
2477 3262 2660 3326 quare
2685 3242 3045 3325 triangulum
3067 3248 3230 3309 ABC
3257 3246 3544 3329 politione
3568 3250 3666 3313 da·

922 3360 1049 3406 tum
1076 3342 1178 3410 cst.

1013 3444 1315 3529 Qoniam
1356 3456 1496 3505 vero
1518 3440 1591 3503 ad
1618 3437 2106 3504 consti-ustionem
2133 3440 2452 3521 requiritur
2477 3452 2544 3501 ut
2571 3436 2628 3500 su
2637 3458 2738 3520 pra
2777 3439 3070 3501 inventam
3105 3439 3288 3505 bafi'm
3327 3446 3434 3507 BC
3459 3442 3661 3511 descri-

917 3540 1094 3604 batur
1128 3540 1477 3624 segmentum
1510 3540 1711 3601 circuli
1745 3542 1973 3621 capiens
1999 3538 2282 3620 angulum
2317 3536 2458 3600 dato
2491 3536 2708 3618 angulo
2742 3538 3064 3618 aequalem,
3113 3555 3176 3601 et
3219 3538 3402 3605 dueta
3439 3546 3548 3605 CR
3591 3542 3664 3606 ad

912 3640 1103 3703 festos
1130 3640 1375 3721 angulos
1396 3636 1499 3720 ipfi
1524 3640 1627 3699 BC
1652 3652 1712 3698 et
1736 3636 1875 3698 dato
1898 3636 2312 3718 perpendiculo
2339 3635 2586 3717 aequali,
2623 3649 2690 3695 ut
2718 3636 2986 3715 parallela
3017 3656 3119 3717 per
3141 3640 3198 3698 R
3223 3638 3414 3701 rectae
3435 3644 3540 3702 BC
3565 3662 3662 3705 oc·

913 3752 1112 3799 eurrat
1131 3732 1651 3806 circumferentiae,
1684 3734 1847 3816 quod
1876 3754 1994 3796 non
2024 3730 2243 3815 sernper
2278 3732 2405 3795 fieri
2431 3729 2639 3815 potest,
2674 3732 2812 3793 ideo
2837 3733 3140 3795 Problema
3165 3754 3284 3797 non
3311 3734 3533 3820 semper
3561 3759 3666 3821 po·-

916 3832 1025 3899 test
1056 3833 1331 3897 construi.
1408 3836 1471 3896 Si
1507 3853 1653 3895 vero
1686 3832 1953 3913 parallela
1984 3852 2088 3914 per
2121 3834 2178 3893 R
2205 3832 2508 3914 contingat
2531 3827 3060 3893 circumferentiam
3093 3834 3259 3895 unica
3293 3838 3406 3897 erit
3433 3834 3662 3899 solutius

912 3938 1074 3996 Dato
1096 3952 1236 3995 vero
1257 3933 1473 4013 anguio
1495 3948 1556 3994 et
1588 3926 1725 3992 data
1754 3934 2088 4013 perimetm,
2127 3930 2484 4012 triangulum
2511 3942 2570 3990 et
2606 3928 3090 4009 perpendicularis
3115 3950 3150 3991 a
3173 3931 3316 3994 dato
3349 3935 3568 4016 angulo
3588 3934 3662 3997 ad

912 4032 1112 4103 bafim,
1148 4050 1299 4113 quae
1326 4030 1441 4091 hoc
1468 4028 1739 4099 efficient,
1774 4030 1855 4091 ita
1879 4029 2268 4091 invenientur.
2325 4030 2475 4089 Puta
2499 4023 2744 4098 fufium,
2781 4025 2850 4087 fit
2875 4022 3086 4089 scilicet
3115 4030 3472 4113 triangulum
3497 4034 3660 4095 KLC

910 4132 1077 4211 cujus
1101 4132 1348 4211 angulus
1375 4130 1539 4190 LKC
1574 4127 1828 4209 aequalis
1860 4124 1941 4188 est
1984 4126 2126 4187 dato
2163 4126 2382 4209 angulo
2414 4126 2599 4197 BAC,
2649 4138 2710 4185 et
2747 4124 2916 4203 cujus
2955 4127 3262 4206 perimeter
3293 4130 3549 4211 aequalis
3579 4128 3662 4191 est

910 4232 1079 4291 datae
1116 4218 1255 4303 ΕΟ,
1292 4227 1541 4289 ducatur
1566 4228 1691 4287 ΚΜ
1720 4223 2207 4307 perpendicularis
2235 4222 2309 4283 ad
2343 4220 2542 4295 bafim,
2579 4237 2640 4284 et
2663 4224 2940 4303 quoniam
2967 4226 3287 4305 requiritur
3309 4242 3376 4287 ut
3399 4226 3662 4307 parallela

910 4327 1031 4391 basi
1064 4330 1171 4389 LC
1210 4326 1387 4387 dusta
1428 4344 1528 4407 per
1560 4326 1618 4385 K
1649 4325 1949 4405 contingat
1982 4324 2267 4385 circulum
2293 4322 2444 4384 circa
2467 4323 2631 4383 KLC
2673 4320 3026 4402 triangulum
3059 4318 3434 4405 descriptum,
3467 4326 3576 4387 erit
3599 4326 3658 4387 K

911 4442 1115 4493 vertex
1152 4420 1435 4510 segmenti
1463 4425 1661 4501 LKC;
1716 4423 1899 4509 igitur
1936 4420 2204 4507 aequales
2241 4415 2372 4483 sunt
2406 4418 2598 4483 restae
2637 4420 2774 4495 LK,
2823 4421 2968 4495 ΚΟ,
3005 4434 3066 4485 et
3099 4418 3270 4485 datus
3303 4420 3392 4486 est
3409 4422 3674 4507 angulus
