4109 5609
1048 423 1231 508 DE
1344 417 2546 508 PORISMATIBUS.
3001 445 3162 536 333

1384 695 1885 776 PROP.
2024 693 2170 778 IV.

400 927 461 965 “
511 921 601 1000 SI
634 917 853 998 reC'm
886 917 1029 994 AB
1068 909 1455 1020 pofitione
1488 934 1569 994 et
1601 911 2178 1020 magnitudine
2211 911 2400 992 data
2436 911 2712 1013 fuerit,
2751 935 2832 994 et
2865 913 2954 996 in
2989 913 3161 1022 ipsa

400 1063 461 1101 “
512 1055 907 1163 prodmsta
941 1021 1311 1130 sumatur
1343 1071 1763 1156 uteunque
1798 1051 2204 1154 pumstum
2239 1052 2332 1149 C,
2381 1051 2948 1158 restangulum
2979 1055 3154 1153 ΑΟ,

376 1171 462 1238 ’“
512 1195 645 1274 ΟΒ
668 1219 839 1272 una
876 1215 1069 1271 cum
1102 1187 1365 1294 spatio
1395 1186 1761 1296 quodam
1794 1185 2017 1286 dato,
2069 1187 2398 1294 aequale
2433 1185 2584 1265 erit
2619 1187 3016 1294 quadrato
3061 1213 3158 1270 ex

398 1334 461 1373 ‘⁶
508 1331 919 1438 segmento
954 1325 1169 1404 inter
1202 1325 1605 1430 pundmm
1641 1323 1707 1403 C
1744 1344 1823 1401 et
1848 1325 2262 1429 pumstum
2297 1323 2716 1430 quoddam
2749 1323 3117 1410 datum.”

530 1602 653 1681 Sit
684 1599 1037 1680 Porisma
1073 1623 1389 1696 verum,
1440 1617 1517 1676 et
1550 1595 1869 1676 dicatur
1902 1597 2255 1704 spatium
2303 1597 2528 1704 quod
2562 1597 2854 1680 datum
2889 1600 3154 1682 osten-

396 1739 793 1835 dendum,
840 1733 1001 1815 five
1042 1733 1630 1814 inveniendum
1680 1733 1819 1832 est,
1870 1735 1965 1832 S;
2042 1733 2301 1841 fitque
2343 1737 2424 1814 D
2470 1739 2876 1840 punflmm
2921 1737 3156 1820 inve-

396 1873 822 1956 niendum.
940 1871 1229 1980 Igitur,
1294 1898 1391 1951 ex
1434 1867 1885 1978 hypothefi,
1952 1873 2524 1979 restangulum
2567 1875 2739 1974 AC,
2791 1875 2924 1954 ΟΒ
2985 1903 3156 1960 una

398 2041 589 2095 cum
623 2009 879 2117 spatio
925 2009 979 2090 S
1027 2009 1357 2115 aequale
1404 2008 1515 2086 est
1560 2007 1957 2114 quadrato
2006 2037 2102 2090 ex
2146 2010 2318 2093 DC.
2433 2010 2738 2091 Rursus
2784 2010 3153 2094 sumatur

394 2171 815 2254 utcunque
850 2147 941 2226 in
972 2147 1116 2226 AB
1150 2145 1545 2252 produita
1581 2143 1808 2224 aliud
1842 2149 2246 2250 punRum
2285 2147 2378 2247 E,
2417 2169 2523 2247 et,
2563 2173 2658 2230 ex
2690 2147 3148 2258 hypothesi,

394 2285 963 2394 restangulum
984 2283 1159 2382 AE,
1188 2283 1321 2360 ΕΒ
1344 2309 1514 2361 una
1548 2307 1743 2361 cum
1774 2281 1957 2386 spa·
3139 2362 3146 2370 ⁴

394 2425 509 2506 tio
544 2425 597 2506 S
634 2421 966 2529 aequale
999 2419 1150 2500 erit
1195 2417 1593 2526 quadrato
1638 2443 1735 2498 ex
1778 2419 1953 2500 DE.
2094 2459 2154 2538 F
2254 2461 2332 2542 A
2507 2463 2587 2540 D
2769 2463 2836 2542 B
2941 2465 3008 2544 E
3079 2465 3147 2545 C

398 2557 763 2642 Exceffus
804 2555 1061 2666 igitur
1104 2555 1553 2664 reikanguli
1596 2549 1772 2653 AC,
1820 2555 1955 2634 CB

398 2699 635 2806 supra
681 2695 953 2802 ipsum
994 2695 1167 2793 AE,
1218 2695 1351 2772 ΕΒ
1401 2691 1755 2800 aequalis
1804 2690 1957 2772 erit

400 2833 731 2916 exceffui
768 2829 1149 2940 quadrati
1184 2857 1277 2909 ex
1310 2831 1457 2908 DC
1492 2829 1731 2934 supra
1767 2827 2266 2935 quadratum
2311 2857 2406 2910 ex
2450 2833 2626 2912 DE.
2739 2829 2826 2910 Si
2872 2805 3148 2913 anteiri

401 2971 539 3054 fiat
572 2975 709 3052 AF
744 2967 1099 3075 aequalis
1134 2963 1281 3074 ipfi
1316 2967 1480 3066 BE,
1520 2961 1861 3046 excessus
1896 2966 2348 3074 redtanguli
2381 2970 2554 3069 AC,
2583 2969 2716 3048 CB
2741 2969 2980 3075 supra
3013 2969 3146 3075 ip-

400 3109 577 3190 sum
598 3109 777 3208 AE,
812 3107 947 3186 ΕΒ
985 3103 1339 3210 aequalis
1368 3111 1399 3150 ⁸
1424 3103 1533 3184 est
1565 3103 2037 3211 rediangulo
2083 3105 2236 3204 FC,
2277 3106 2436 3190 ΟΕ.
2541 3104 2908 3188 Excefl'us
2957 3133 3150 3200 vero
3185 3143 3212 3174 ι
3237 3141 3364 3200 v3d,
3387 3141 3545 3206 infra.

400 3244 775 3354 quadrati
810 3271 905 3322 ex
936 3243 1083 3322 DC
1120 3241 1355 3347 supra
1402 3238 1895 3347 quadratum
1930 3267 2025 3319 ex
2054 3241 2204 3318 DE
2241 3242 2350 3320 est
2376 3232 2411 3288 b
2441 3215 2791 3351 dupsmn
2823 3245 3142 3326 reaan-
3182 3270 3212 3315 b
3233 3293 3295 3351 4·
3317 3289 3379 3336 ρ.

399 3383 691 3491 gulum
723 3381 899 3479 DE,
936 3381 1073 3458 ΕΟ
1104 3405 1273 3458 una
1309 3405 1501 3456 cum
1538 3375 1935 3483 quadrato
1972 3405 2068 3454 ex
2111 3379 2274 3477 ΕΟ,
2327 3407 2534 3485 quae
2579 3402 2994 3486 propterea
3035 3381 3144 3462 fi-

402 3520 577 3598 mul
614 3516 979 3623 aequalia
1026 3515 1215 3594 sunt
1256 3513 1725 3620 reaangulo
1770 3513 1924 3612 FC,
1963 3513 2122 3596 ΟΕ.
2228 3517 2687 3598 Commune
2730 3489 3178 3600 auferatur·

400 3655 895 3764 quadratum
939 3679 1034 3732 ex
1078 3653 1243 3750 EC,
1292 3672 1371 3732 et
1412 3649 1981 3758 restangulum
2022 3651 2200 3749 DE,
2251 3653 2384 3734 ΕΟ
2441 3653 2572 3736 bis
2617 3657 2948 3762 aequale
2991 3657 3144 3738 erit

400 3791 869 3900 restangulo
900 3790 1057 3888 FE,
1086 3789 1245 3872 ΕΟ.
1316 3787 1579 3895 Igitur
1608 3787 1759 3868 DE
1791 3785 1921 3870 bis
1956 3789 2312 3894 aequalis
2349 3791 2458 3871 est
2491 3787 2638 3899 ipfi
2673 3795 2798 3872 FE
2816 3827 2840 3893 ς
2891 3819 3141 3901 qnare

498 4015 525 4048 ⁸
559 4007 668 4071 Est
688 4003 891 4092 Prop.
920 4025 1033 4084 24.
1061 4003 1206 4071 Lib.
1230 4023 1299 4090 7.
1320 4001 1548 4088 Pappi.
1596 4003 1905 4068 Bifariam
1930 4001 2174 4070 secetur
2202 4005 2326 4071 AB
2353 4007 2418 4070 in
2442 4005 2536 4086 D,
2559 4025 2621 4073 et
2649 4009 2956 4094 quoniam
2977 4013 3138 4076 rest·

399 4107 707 4192 angulum
730 4105 885 4180 Ac,
910 4103 1023 4169 CB
1046 4125 1178 4169 una
1203 4125 1349 4168 cum
1374 4101 1695 4186 quadrato
1710 4124 1791 4168 ex
1812 4101 1961 4180 DB,
1990 4109 2252 4188 aequale
2273 4107 2360 4170 est
2384 4108 2700 4189 quadrato
2725 4129 2806 4172 ex
2825 4107 2976 4184 Dc,
3009 4111 3140 4174 hoc

398 4205 511 4286 est,
535 4207 906 4290 reehugulo
926 4203 1060 4280 Fe,
1086 4202 1197 4268 ΟΕ
1218 4223 1351 4268 una
1372 4223 1523 4266 cum
1550 4203 1868 4288 quadrato
1892 4225 1973 4268 ex
1992 4201 2140 4282 DE,
2163 4207 2290 4270 hoc
2318 4207 2430 4284 est,
2463 4227 2596 4272 una
2621 4227 2768 4272 cum
2802 4205 3138 4293 reehngu·

398 4307 469 4372 lo
502 4303 655 4384 AE,
679 4303 787 4368 ΕΒ
824 4321 891 4368 et
922 4303 1241 4390 quadrato
1273 4323 1354 4365 ex
1378 4301 1525 4365 ΠΒ.
1580 4302 1943 4367 Commune
1968 4302 2300 4370 auferatur
2326 4305 2712 4389 quadratum
2735 4326 2815 4369 ex
2833 4305 2991 4384 ΠΒ,
3037 4327 3138 4372 re·

398 4403 651 4489 liquam
674 4403 869 4488 igitur
901 4403 1344 4489 rectangulum
1375 4399 1533 4475 Ac,
1566 4399 1679 4467 CB
1713 4403 1976 4490 aequale
2008 4403 2130 4469 erit
2161 4403 2532 4492 reaangulo
2555 4403 2688 4480 Fe,
2713 4403 2850 4487 ΟΕ,
2885 4421 2948 4470 et
2978 4405 3137 4470 rest-

400 4501 792 4590 anguloAE,
817 4499 950 4568 ΕΒ.
2701 4563 2708 4570 .
