4109 5609
799 442 1797 563 QUANTITATUM
1868 444 2045 523 ET.
2085 433 2820 531 RATIONUM.
3108 470 3204 531 11

440 668 706 768 BML,
771 695 1021 775 quare
1064 666 1272 747 ratio
1321 667 1498 745 ΜΟ
1544 666 1647 745 ad
1696 667 1837 747 OB
1884 664 2146 771 major
2192 666 2342 746 erit
2387 668 2698 749 ratione
2747 669 2880 749 ΡΟ
2921 668 3022 749 ad
3061 668 3212 751 ΟΒ

428 808 593 889 hoc
632 808 742 888 est
777 806 1089 886 ratione
1134 806 1281 885 KC
1318 803 1423 885 ad
1460 806 1635 903 CB;
1684 824 1767 883 et
1812 804 1923 885 est
1969 806 2146 883 ΜΟ
2195 802 2652 885 differentia
2688 806 3206 889 absciffarum

429 948 609 1045 AC,
647 948 843 1043 AN;
897 946 1041 1025 OB
1068 968 1257 1023 vero
1294 944 1403 1023 est
1436 938 1893 1021 differentia
1929 943 2492 1021 ordinatarum
2529 946 2690 1043 BC,
2720 948 2922 1027 MN.
3063 976 3203 1028 uo-

432 1084 665 1163 niam
720 1082 977 1191 igitur
1008 1080 1425 1161 ostensum
1456 1077 1631 1159 fuit
1676 1079 2080 1160 rationem
2125 1078 2626 1161 differentiae
2683 1081 3208 1164 abscifl'arum

414 1221 539 1301 ad
576 1217 1121 1299 differentiam
1155 1216 1717 1299 ordinatarum
1765 1217 1858 1295 in
1903 1217 2135 1296 omni
2181 1218 2368 1297 casu
2417 1218 2822 1299 minorem
2871 1216 3020 1299 effe
3065 1250 3205 1300 ra-

424 1358 658 1439 ·tione
694 1360 837 1437 CD
873 1356 979 1438 ad
1025 1359 1186 1458 CB,
1236 1355 1371 1435 sed
1418 1380 1626 1463 quae
1664 1354 1955 1459 poterit
2000 1354 2176 1434 fieri
2223 1354 2484 1460 major
2527 1384 3018 1464 quacunque
3063 1387 3200 1438 ra-

422 1496 658 1577 tione
692 1498 839 1575 CK
874 1495 980 1573 ad
1015 1496 1177 1595 CB,
1228 1520 1438 1601 quae
1482 1492 1757 1571 minor
1787 1490 1882 1570 fit
1928 1494 2244 1572 ratione
2279 1496 2422 1571 CD
2460 1495 2563 1573 ad
2599 1496 2730 1573 CB
2763 1529 2786 1593 3
2861 1496 3011 1575 erit
3059 1524 3202 1601 per

430 1633 619 1715 Des.
656 1660 739 1737 4.
788 1632 993 1711 ratio
1040 1635 1183 1713 CD
1222 1632 1327 1710 ad
1363 1633 1493 1709 CB
1530 1630 1761 1709 limes
1797 1630 2134 1711 rationis
2175 1658 2428 1736 quam
2463 1631 2710 1713 habet
2745 1630 3200 1715 differentia.

420 1768 955 1850 absciflarum
991 1770 1093 1849 ad
1132 1796 1311 1849 eam
1346 1768 1935 1850 ordinatarum.

566 1908 653 1987 Si
701 1908 1071 1987 sumatur
1116 1910 1516 2015 punitum
1554 1907 1619 1983 E
1658 1905 1763 1985 ad
1808 1907 2094 1986 alteras
2130 1928 2391 2011 partes
2431 1907 2713 2013 pundfi
2751 1910 2818 1986 Β
2855 1908 2960 1987 ad
2995 1938 3200 2015 quas

426 2046 860 2152 sumptum
904 2046 1067 2125 fuit
1101 2046 1191 2123 in
1227 2042 1747 2151 praecedente
1794 2043 2007 2143 casu,
2057 2042 2419 2123 fimiliter
2453 2046 2912 2126 ostendetur
2945 2046 3214 2125 ratio-·

422 2210 625 2265 nem
660 2182 1305 2263 differentiarum
1354 2179 1951 2289 praedie‘tarum
1986 2180 2078 2259 in
2115 2181 2344 2259 omni
2391 2182 2576 2263 casu
2623 2182 3014 2288 majorem
3051 2182 3202 2263 effe

424 2322 744 2401 ratione
779 2322 924 2401 CD
973 2319 1077 2399 ad
1112 2320 1281 2399 CB:
1334 2318 1469 2397 sed
1506 2314 1715 2423 poffe
1750 2315 1925 2397 fieri
1958 2340 2051 2397 ut
2089 2318 2362 2399 minor
2395 2317 2492 2398 fit
2527 2348 3016 2427 quacunque
3064 2350 3200 2401 ra·-

420 2457 654 2538 tione
702 2484 911 2565 quae
956 2457 1216 2561 major
1248 2453 1343 2535 fit
1381 2455 1689 2534 ratione
1736 2456 1880 2533 CD
1918 2456 2020 2535 ad
2061 2458 2236 2555 CB3
2287 2457 2510 2536 unde
2555 2479 2633 2536 et
2673 2458 2762 2537 in
2808 2458 2962 2541 hoc
3012 2460 3200 2539 casu

426 2593 643 2675 ratio
679 2597 825 2675 CD
872 2594 977 2672 ad
1015 2596 1145 2672 CB
1184 2594 1335 2674 erit
1382 2592 1655 2673 Limes
1703 2591 2041 2673 rationis
2081 2592 2750 2678 differentiarum.

573 2735 774 2815 Cas.
817 2758 891 2814 2.
941 2732 1113 2810 Fiat
1150 2732 1304 2809 alia
1340 2730 1603 2839 figura
1637 2727 1728 2807 in
1766 2757 1929 2837 qua
1964 2757 2212 2811 curva
2251 2732 2356 2810 ad
2392 2760 2624 2811 axem
2659 2760 3014 2813 convexa
3047 2737 3186 2836 est,

422 2891 514 2951 et
557 2868 619 2949 fi
679 2897 827 2976 pro
894 2866 1125 2973 mqjor
1170 2870 1487 2975 legatur
1532 2862 1794 2965 minor,
1867 2887 1945 2946 et
1990 2868 2165 2949 vice
2211 2868 2478 2966 versa3
2553 2871 3014 2951 ostendetur
3060 2872 3198 2953 hic

428 3010 667 3089 casus
711 3008 1109 3091 secundus
1156 3004 1443 3084 iisdem
1477 3004 1745 3084 verbis
1782 3030 1871 3083 ac
1911 3006 2253 3111 primus,
2393 3005 2640 3119 QE.
2676 3009 2780 3089 D.

576 3148 699 3225 Co
716 3168 798 3227 R.
868 3144 953 3223 Si
987 3170 1235 3223 curva
1270 3141 1520 3223 fuerit
1566 3141 1949 3248 parabola
1993 3143 2268 3223 Limes
2315 3144 2650 3224 rationis
2698 3140 3198 3224 differentia-

426 3308 625 3362 rum
661 3281 797 3363 seu
829 3280 1037 3362 ratio
1066 3282 1211 3361 CD
1245 3280 1349 3360 ad
1388 3282 1519 3361 CB
1557 3280 1837 3359 eadem
1875 3281 1984 3359 est
2018 3280 2320 3360 rationi
2353 3282 2496 3361 AG
2532 3281 2659 3361 bis
2693 3281 2802 3361 ad
2839 3282 2998 3365 CB.

1420 3557 1480 3633 P
1550 3556 1623 3635 R
1690 3556 1765 3635 Ο
1836 3556 1920 3635 P.
2057 3550 2206 3637 VI.

429 3834 495 3875 '³¹
544 3830 637 3913 SI
686 3818 1182 3938 quadratum
1218 3828 1507 3907 ABDC
1544 3848 1623 3908 et
1664 3827 2237 3935 re&angulum
2271 3828 2542 3909 AEFC
2574 3828 2932 3913 habeant
2975 3830 3200 3913 latus'

432 3972 496 4013 “
546 3994 989 4051 commune
1022 3967 1191 4065 AC,
1231 3966 1581 4044 alterum
1613 3992 1805 4047 vero
1839 3966 2292 4075 restanguli
2329 3967 2538 4045 latus
2564 3968 2708 4046 AE
2733 3970 2858 4047 vel
2883 3972 3008 4049 CF
3039 3972 3192 4050 da·
3283 3972 3287 3977 ’

430 4109 497 4151 “
546 4127 733 4189 tum
765 4102 915 4201 fit3
988 4123 1381 4212 augeatur
1412 4128 1605 4181 vero
1650 4104 1777 4183 vel
1822 4102 2249 4182 minuatur
2281 4102 3024 4211 quomodocunque
3059 4108 3204 4212 ip-·

436 4246 495 4287 “
544 4243 821 4325 sorum
855 4243 1064 4323 latus
1102 4264 1541 4318 commune
1574 4240 1745 4340 AC,
1784 4260 1862 4319 et
1896 4238 2134 4319 fimul
2169 4263 2620 4348 augeantur
2651 4241 2775 4319 vel
2811 4242 3198 4322 minuan-

432 4384 497 4423 “
547 4400 685 4461 tur
718 4380 931 4485 ipsae
966 4376 1319 4484 figurae:
1391 4373 1603 4455 ratio
1649 4403 1901 4483 quam
1937 4376 2148 4457 latus
2188 4376 2564 4484 quadrati
2599 4377 2758 4477 bis,
2795 4378 3044 4459 habet
3085 4378 3194 4457 ad

436 4522 497 4562 ‘⁸
544 4517 839 4601 datum
875 4510 1329 4625 restanguli
1362 4512 1607 4615 latus,
1654 4512 1929 4594 Limes
1977 4513 2128 4597 erit
2175 4514 2512 4600 rationis
2547 4514 3033 4599 incrementi
3065 4514 3196 4598 vel

1728 4650 1812 4729 G
1866 4674 1913 4731 2
