4109 5609
903 431 1060 536 508
1524 427 1708 505 DE
1809 417 3113 542 PORISMATIBUSQ

485 617 494 624 ι
577 669 713 729 brt.
737 671 841 744 64.
907 647 1079 747 FG,
1120 649 1272 725 GL
1311 645 1641 751 aequale
1678 634 2345 752 estbreetanguio
2377 639 2570 744 AG,
2613 639 2796 741 GB,
2836 631 3231 746 quoniam
3266 655 3363 716 ut
3392 634 3531 714 AF
3564 633 3671 714 ad

909 787 1064 885 FB,
1127 783 1242 863 ita
1288 782 1449 861 AG
1498 781 1605 862 ad
1651 783 1830 882 GB,
1898 803 1976 862 et
2023 783 2233 862 festa
2796 771 2801 779 “

909 923 1021 1004 est
1098 923 1241 1001 AB
1310 919 1700 1002 bifariam
1765 918 1856 998 in
1927 920 2233 1025 punem

905 1061 1004 1143 L.
1057 1059 1322 1167 Igitur
1345 1077 1424 1137 et
1449 1057 2018 1164 ree'tangulum
2045 1056 2226 1156 EG,

907 1198 1110 1278 GM
1177 1196 1287 1276 est
1356 1193 1688 1301 aequale
1757 1194 2231 1302 reetangulo

597 1357 623 1390 ⁶
668 1370 770 1432 35·
802 1371 860 1432 3·
909 1335 1102 1435 AG,
1143 1335 1324 1432 GB,
1375 1331 1535 1410 hoc
1567 1332 1676 1408 est
1703 1341 1732 1377 ⁶
1757 1331 2231 1438 reetangulo

907 1473 1129 1572 HG,
1177 1471 1384 1568 GK,
1459 1467 1654 1576 quia
1691 1471 1875 1566 AB,
1927 1471 2109 1545 HK
2156 1469 2233 1546 se

911 1631 1207 1689 mutuo
1275 1607 1540 1684 secant
1587 1603 1676 1682 in
1723 1606 2078 1704 circulo;
2151 1627 2231 1683 et

913 1749 1083 1826 HK
1124 1743 1510 1824 bifariam
1554 1741 1762 1822 seem
1807 1743 1918 1822 est
1963 1742 2052 1820 in
2100 1745 2225 1841 M,

910 1883 1168 1992 igitur
1237 1909 1330 1960 ex
1399 1907 1498 1958 eo
1559 1879 1784 1986 quod
1867 1880 2243 1984 proxime

779 2053 790 2064 ⁴
909 2017 1560 2101 'demonstratum
1606 2017 1716 2097 est
1742 2008 1805 2116 b,
1853 2037 1950 2096 ut
1997 2019 2157 2094 HE
2204 2018 2311 2096 ad
2354 2019 2529 2118 ΕΚ,
2580 2017 2696 2098 ita
2742 2020 2893 2099 erit
2938 2020 3115 2099 HG
3164 2018 3271 2099 ad
3316 2019 3505 2102 GK.

1054 2153 1638 2262 Propofitiones
1667 2175 1824 2232 tres
1863 2154 2228 2259 proxime
2262 2155 2820 2260 praecedentes
2858 2156 3309 2238 inserviunt
3354 2156 3671 2238 duabus

922 2293 1470 2400 sequentibuS,
1520 2317 1730 2398 quae
1765 2292 1952 2370 sunt
1985 2291 2448 2375 Porismata.

1838 2567 1897 2642 P
1966 2567 2036 2646 R
2110 2568 2185 2646 O
2256 2569 2340 2650 Ρ.
2477 2568 2777 2650 LXVI.

931 2849 988 2888 “
1037 2843 1384 2923 DATA
1430 2823 1816 2947 politione
1861 2840 2079 2922 recia
2124 2842 2293 2942 AB,
2357 2863 2435 2922 et
2481 2841 2785 2922 circulo
2832 2842 2979 2920 CD
3012 2839 3403 2949 pofitione
3436 2844 3676 2942 dat03

915 2985 990 3040 -“
1037 2981 1329 3060 datum
1381 2979 1533 3058 erit
1579 2979 1986 3083 punc'tum
2043 3005 2187 3082 per
2231 2978 2457 3084 quod
2502 2975 2561 3056 fi
2609 2977 2959 3058 ducat-ur
3002 3001 3427 3085 utcunque
3471 2982 3683 3062 reeca

929 3100 990 3162 ‘⁴‘
1039 3118 1252 3196 linea
1299 3143 1508 3223 quae
1565 3117 1832 3196 ree'tae
1870 3111 2259 3220 pofitione
2300 3114 2538 3195 datae
2594 3117 2737 3194 AB
2798 3137 2877 3195 et
2936 3115 3247 3198 circulo
3300 3117 3678 3217 occurrit,

933 3259 993 3298 ‘⁶
1038 3254 1608 3366 redtangulum
1643 3273 2123 3333 contentum
2156 3250 2587 3359 segmentis
2623 3253 2921 3332 ductae
2948 3252 3161 3334 inter
3203 3257 3511 3335 rectam
3544 3256 3681 3334 AB

933 3395 992 3436 “
1039 3412 1120 3473 et
1152 3393 1458 3498 pun-sta
1483 3389 1786 3497 quibus
1813 3376 2511 3469 circumferentiae
2536 3389 2914 3490 occurrit,
2946 3391 3274 3497 aequale
3300 3391 3453 3471 erit
3480 3419 3681 3498 qua-

931 3533 994 3572 “
1039 3529 1280 3608 drato
1311 3554 1406 3606 ex
1438 3526 1858 3634 segmento
1885 3523 2237 3629 ejusdem
2272 3525 2607 3606 ductae
2584 3546 2799 3605 mter
2820 3527 3125 3606 restam
3148 3529 3293 3607 AB
3320 3548 3399 3608 et
3423 3555 3682 3702 punc·-

933 3668 992 3708 “
1041 3687 1226 3745 tum
1258 3661 1467 3742 illud
1502 3663 1728 3770 quod
1761 3662 2052 3742 datum
2086 3662 2678 3744 ostendendum
2708 3661 2894 3746 estl'

1067 3939 1190 4020 Sit
1237 3939 1306 4018 E
1364 3937 1770 4042 punchim
1828 3934 2443 4036 inveniendum,
2518 3963 2659 4043 per
2705 3937 2930 4043 quod
2973 3937 3219 4019 duna
3264 3958 3690 4046 utcunque

929 4081 1148 4159 reeta
1184 4079 1308 4156 EF
1343 4102 1551 4180 quae
1584 4072 1728 4179 ipfi
1761 4076 1904 4153 AB
1939 4073 2030 4151 in
2066 4077 2153 4174 F,
2216 4095 2297 4154 et
2330 4073 3027 4155 circumferentiae
3071 4075 3166 4154 in
3208 4075 3535 4181 punciis
3572 4077 3683 4174 G,

931 4217 1024 4296 H
1049 4213 1428 4311 occurrit,
1455 4211 2026 4320 reetangulum
2060 4210 2229 4310 GF,
2249 4213 2395 4291 ΕΗ
2432 4211 2763 4318 aequale
2798 4211 2950 4292 erit
2983 4211 3393 4318 quadrato
3414 4239 3514 4292 ex
3540 4216 3685 4294 EF.

935 4355 1306 4434 Ducatur
1331 4325 1338 4332 ¹
1363 4351 1512 4428 ΕΚ
1558 4348 2241 4456 perpendicularis
2290 4347 2397 4427 ad
2437 4349 2611 4448 AB,
2674 4369 3205 4456 occurratque
3248 4349 3684 4430 circumfe-

920 4493 1240 4572 -rentiae
1285 4488 1376 4569 in
1419 4487 1532 4589 L,
1568 4487 1668 4566 M
1685 4519 1710 4587 ς
1781 4487 2053 4568 rursus
2101 4485 2385 4596 igitur,
2458 4511 2555 4566 ex
2596 4483 3049 4594 hypothefi,
3118 4487 3689 4598 reciangulum
