4109 5609
1094 425 1629 512 LIBER-
1710 425 2550 542 QUARTUS.
3034 459 3194 546 297

450 677 545 732 ex
576 649 760 750 GC,
795 645 1002 747 GH,
1046 641 1207 728 hoc
1240 643 1353 726 est
1374 643 1880 752 quadratum
1914 672 2012 726 ex
2044 639 2192 726 GF
2223 675 2392 728 una
2427 630 2620 729 cum
2656 649 3056 758 quadrato
3101 677 3198 732 ex

448 790 621 868 GH
645 785 921 884 habet,
948 809 1043 864 ex
1076 777 1524 890 hypothefi,
1553 780 1833 859 datam
1864 781 2268 862 rationem
2303 784 2408 862 ad
2441 788 3010 896 restangulum
3039 789 3194 888 EF,

452 925 627 1020 ΡΒ,
702 943 785 1001 et
827 920 1119 1022 datum
1164 917 1276 998 est
1319 917 1819 1025 quadratum
1854 944 1957 996 ex
2002 919 2207 1019 GH,
2254 922 2820 1026 quadratum
2799 954 2826 1002 1
2831 945 3056 1032 g1tur
3102 951 3204 1005 ex·

450 1059 592 1139 -FG
642 1057 921 1136 minus
966 1055 1079 1134 est
1120 1054 1592 1161 redtangulo
1636 1055 1791 1152 EF,
1832 1055 1956 1132 FB

452 1195 669 1295 date,
736 1218 993 1298 quam
1035 1189 1127 1270 in
1170 1190 1513 1288 ratione,
1585 1209 1664 1270 et
1707 1215 1958 1295 prop-
2095 1232 2174 1308 A
2345 1232 2428 1311 G
2475 1231 2566 1311 H
2696 1233 2762 1313 C
2888 1237 2957 1314 E
3039 1235 3096 1316 F
3131 1237 3200 1316 B

384 1315 395 1326 ’
448 1349 659 1411 nerea
694 1327 1265 1434 restangulum
1302 1327 1455 1424 EF,
1473 1325 1626 1425 FB,
1653 1351 1799 1430 per
1832 1351 1958 1430 14.
2115 1330 3206 1412 ...-........,..-·’...-..,.....,.-.

438 1470 635 1549 Dat.
662 1465 927 1571 majus
948 1463 1065 1542 est
1088 1461 1488 1568 quadrato·
1512 1487 1607 1541 ex
1628 1463 1689 1540 F
1688 1461 1774 1541 G
1808 1460 1959 1540 da·
3293 1565 3298 1570 ι

448 1626 563 1702 t0,
602 1627 861 1710 quam
896 1599 986 1678 in
1014 1599 1355 1680 ratione.
1424 1598 1714 1700 Datis
1692 1597 1949 1707 lgitur
1968 1599 2062 1678 in
2095 1601 2312 1682 recta
2338 1601 2548 1682 linea
2574 1601 2835 1685 tribus
2874 1605 3202 1710 punctis

452 1741 566 1839 G,
594 1741 692 1839 E,
720 1739 787 1816 B
810 1724 1397 1816 inveniendum
1432 1733 1543 1814 est
1586 1755 1977 1841 quartum
2022 1737 2080 1816 F
2113 1737 2326 1818 inter
2357 1741 2424 1816 E
2460 1759 2538 1818 et
2575 1740 2638 1817 B
2689 1742 2910 1845 quod
2957 1741 3203 1823 faciet

453 1875 1019 1982 tetstangulum
1065 1873 1217 1970 EF,
1256 1872 1379 1950 FB
1417 1898 1466 1949 a
1499 1868 1929 1978 segmentis
1966 1871 2178 1952 inter
2211 1874 2480 1980 ipsum
2507 1896 2593 1954 et
2628 1879 2930 1982 pune‘ta
2966 1879 3060 1978 E,
3101 1881 3203 1978 Β,-

455 2012 717 2116 majus
754 2010 1152 2118 quadrato
1188 2033 1283 2086 ex
1329 2007 1471 2087 FG
1508 2007 1929 2122 segmento
1964 2007 2177 2088 inter
2209 2010 2479 2115 ipsum
2514 2032 2593 2091 et
2627 2034 3079 2093 extremum
3115 2015 3200 2092 G

456 2149 683 2256 quod
720 2147 831 2228 est
864 2145 967 2226 ad
1002 2145 1318 2224 easdem
1352 2163 1615 2248 partes
1650 2141 1895 2248 ipsius
1930 2145 1989 2222 F
2023 2145 2130 2224 ad
2166 2173 2369 2251 quas
2417 2150 2528 2227 est
2573 2152 2978 2253 punC’tum
3022 2177 3202 2229 me-

460 2285 693 2364 dium
720 2286 787 2362 E
810 2284 1030 2381 date,
1060 2303 1315 2387 quam
1336 2279 1429 2358 in
1449 2279 1790 2380 ratione,
1830 2280 2058 2386 quod
2083 2278 2220 2364 fiet
2244 2311 2396 2388 ope
2419 2286 2671 2364 Partis
2713 2271 2778 2366 i.
2807 2289 3038 2391 Prop.
3072 2288 3205 2376 80,

592 2424 823 2501 PARS
855 2446 931 2525 3.
966 2417 1341 2523 Denique
1362 2413 1459 2496 fit
1482 2417 2050 2525 restangulum
2075 2421 2237 2519 AF,
2269 2421 2392 2498 FC
2421 2421 2710 2500 datum
2745 2419 2982 2502 fimul
3005 2451 3204 2504 cum

460 2581 551 2636 eo
580 2557 693 2636 ad
728 2541 953 2662 qubd
982 2553 1554 2661 refiang-ulum
1599 2553 1754 2652 EF,
1794 2553 1917 2632 FB
1962 2552 2240 2634 datam
2285 2555 2532 2636 habet
2577 2559 3018 2660 rationem3
3095 2561 3206 2642 ad

456 2693 735 2772 datam
768 2693 1071 2772 restam
1105 2692 1247 2778 AC
1284 2690 1731 2795 applicetur
1760 2690 2332 2798 red'tangulum
2366 2693 2558 2773 dato
2607 2697 2934 2800 aequale
2973 2725 3200 2776 exce·-
3346 2681 3354 2686 ’

456 2830 655 2909 dens
694 2827 1116 2935 quadrato,
1158 2847 1235 2905 et
1269 2822 1365 2904 fit
1400 2825 1483 2904 G
1518 2827 1921 2931 punstum
1958 2828 2516 2933 applicationis
2554 2831 2780 2936 quod
2813 2831 3036 2909 estin
3057 2833 3202 2911 AC

460 2967 883 3072 produfla,
944 2985 1024 3044 et
1068 2965 1159 3042 H
1192 2963 1538 3054 alterum
1552 2995 1589 3060 ·;
1662 2960 2058 3069 quoniam
2087 2963 2347 3071 ‘igitur
2382 2965 2746 3071 aequales
2783 2967 2968 3056 sunt
3004 2969 3198 3068 HA,

464 3104 643 3202 CG,
716 3123 796 3182 et
828 3100 939 3180 est
972 3099 1375 3205 pumstum
1411 3100 1469 3178 F
1498 3098 1717 3178 inter
1740 3099 1817 3179 C
1852 3119 1930 3178 et
1964 3100 2077 3199 G,
2147 3083 2425 3179 minus
2473 3101 2694 3180 enim
2741 3104 2848 3183 est
2883 3105 3202 3186 red'tan-

462 3240 757 3348 gulam
788 3223 952 3336 AF,
991 3237 1115 3316 FC
1150 3215 1321 3340 {pso
1350 3235 1541 3336 AG,
1578 3235 1733 3314 GC
1782 3263 1829 3315 a
1878 3263 2043 3341 quo
2081 3236 2616 3317 auferendum
2649 3239 2786 3338 est,
2835 3241 3014 3340 erit,
3061 3265 3206 3348 per

466 3379 697 3480 Pmp.
742 3400 871 3478 23.
908 3372 1093 3453 Lib.
1135 3395 1211 3480 7.
1257 3371 1536 3476 pappi,
1582 3373 2019 3479 rectangu-

466 3512 645 3592 lum
666 3513 829 3609 AF,
848 3509 973 3588 FC
1004 3505 1241 3587 fimul
1264 3535 1461 3588 cum
1484 3507 1655 3614 ipso
1678 3509 1854 3608 HF,
1872 3507 2014 3587 FG
2155 3549 2244 3627 H
2527 3549 2606 3628 Α
2684 3550 2749 3629 C
2785 3552 2852 3629 E
2919 3511 2980 3630 F'
3014 3552 3079 3629 B
3107 3551 3202 3634 G

468 3649 799 3755 aequale
822 3645 1289 3754 refizangulo
1309 3647 1497 3746 HC,
1514 3643 1696 3745 CG,
1724 3645 1879 3725 hoc
1907 3645 2017 3725 est

468 3785 688 3884 dato,
730 3783 1208 3890 teQangulo
1242 3780 1540 3868 scilicet
1582 3781 1772 3881 AG,
1809 3783 2006 3881 GC;

468 3919 1035 4028 refiangulum
1058 3918 1313 4027 igitur
1334 3920 1509 4018 HF,
1538 3919 1677 3997 FG
1706 3919 1818 3997 est
1840 3905 1930 4000 i'd
1945 3919 2060 3998 -ad
2083 3918 2307 4026 quod
2331 3918 2900 4028 re&angulum
2924 3923 3210 4022 EF,FB

470 4058 751 4136 datam
772 4055 1046 4155 habet,
1076 4082 1169 4134 ex
1194 4051 1639 4161 hypothefi,
1668 4055 2092 4137 rationem.
2174 4054 2478 4156 Primb,
2504 4053 2600 4136 fit
2625 4055 2708 4136 G
2734 4059 2824 4138 in
2847 4061 2990 4139 AB
3016 4085 3212 4164 pro-

470 4195 759 4290 ἀηᾶὶεις
830 4191 1041 4272 datis
1076 4189 1329 4298 igitur
1362 4193 1455 4270 in
1486 4191 1701 4276 reeta
1734 4189 1947 4272 linea
1981 4212 2332 4299 quatuor
2364 4189 2690 4298 pundfis
2725 4177 2844 4295 H,
2875 4177 2970 4296 E,
2999 4197 3095 4297 B,
3123 4194 3210 4276 G

472 4329 1057 4410 inveniendum
1080 4328 1191 4407 est
1216 4327 1607 4434 quintum
1630 4331 1688 4408 F
1710 4329 1802 4408 in
1824 4330 2237 4438 segmento
2261 4328 2532 4408 medio
2559 4330 2692 4408 ΕΒ
2720 4333 2946 4438 quod
2967 4331 3213 4412 faciet

476 4467 1039 4573 restangulum
1060 4467 1239 4564 HF,
1277 4465 1418 4556 FG
1455 4493 1503 4546 a
1526 4465 1955 4576 segmentis
1992 4465 2204 4556 'mter
2229 4463 2496 4572 ipsum
2521 4488 2599 4547 et
2625 4472 2928 4574 pundta
2953 4485 3216 4578 extre-U

1772 4604 1833 4683 P
1876 4631 1933 4712 P
