4109 5609
906 409 1064 498 282
1262 407 1437 488 DE
1504 399 2200 486 SECTIONE
2265 399 3340 510 DETERMINATA,

902 627 1295 734 quintum
1320 627 1377 707 F
1412 625 1505 706 in
1537 623 1961 731 segmenta-
1988 643 2352 702 extremo
2377 623 2538 702 HE
2565 621 2792 728 quod
2815 621 3068 706 faciet
3091 625 3668 734 reekangulum

900 764 1081 864 HF,
1122 763 1263 842 FG
1302 791 1349 840 a
1384 758 1817 870 segmentis
1853 758 2066 837 inter
2099 757 2370 863 ipsum
2414 780 2493 839 et
2540 760 2848 865 punCta
2893 781 3250 840 extrema
3283 764 3402 861 H,
3441 761 3526 840 G
3575 762 3668 841 in

900 902 1093 984 data
1126 899 1437 980 ratione
1474 897 1579 978 ad
1625 896 2202 1006 ree'tangulum
2231 897 2386 995 EF,
2425 897 2549 974 FB
2587 901 2648 974 a'
2669 895 3104 1004 segmentis
3149 898 3363 980 inter
3395 898 3672 1005 ipsum

904 1059 987 1122 et
1016 1037 1331 1144 reliqua
1362 1035 1541 1118 dua
1564 1033 1871 1141 puncita
1904 1034 2001 1131 E,
2042 1034 2139 1132 B,
2189 1033 2416 1139 quod
2450 1031 2592 1114 fiet
2623 1061 2774 1142 ope
2809 1036 3054 1142 Ptop.
3081 1033 3218 1119 60.

1040 1313 1161 1390 ΡΑ
1175 1333 1273 1390 Rs
1326 1335 1403 1416 3.
1494 1307 1870 1413 Denique
1920 1303 2017 1387 fit
2061 1307 2638 1420 reflangusslum
2679 1311 2848 1408 AF,
2892 1309 3019 1387 FC
3077 1308 3370 1387 <sanim
3423 1303 3669 1390 fimul

903 1474 1099 1532 eum
1134 1474 1232 1527 eo
1263 1447 1367 1525 ad
1404 1444 1631 1552 quod
1665 1443 2235 1551 reflangulnm
2269 1446 2423 1543 EF,
2465 1446 2596 1525 FB
2625 1446 2904 1526 datam
2939 1443 3189 1526 habet
3229 1443 3662 1530 rationem.

1042 1585 1245 1666 Cis.
1282 1611 1314 1664 ι
1330 1646 1351 1668 .
1400 1581 1773 1696 Qando
1796 1581 2096 1660 datum
2113 1580 2394 1661 minus
2421 1583 2532 1661 est
2555 1583 2956 1689 quadrato
2983 1580 3451 1663 exdimidio
3483 1607 3665 1663 rec-

903 1741 1033 1804 tae
1074 1723 1261 1818 AC;
1332 1718 1779 1826 applicetur
1822 1717 2082 1826 igitur
2125 1718 2226 1798 ad
2263 1716 2546 1798 datam
2575 1721 2881 1802 reelam
2913 1719 3060 1799 AC
3092 1719 3666 1826 reetangulum

902 1859 1107 1940 dam
1136 1859 1475 1966 aequale·
1500 1854 1892 1938 deficiens,
1916 1855 2356 1962 quadrato,
2383 1853 2642 1964 fitque
2677 1857 2760 1937 G
2797 1857 3202 1964 punflmm
3236 1855 3666 1962 applicati-

906 1995 1087 2076 onis
1134 1992 1360 2100 quod
1393 1991 1733 2100 propius
1763 1993 1876 2073 est
1916 1989 2064 2099 ipfi
2099 1995 2193 2091 C,
2233 2013 2316 2072 et
2357 1994 2448 2074 H
2497 1995 2897 2094 alterum3
2969 2013 3048 2074 et
3093 1994 3492 2100 quoniam
3519 2019 3662 2074 ae·-

904 2133 1182 2238 quales
1208 2131 1395 2211 sunt
1416 2131 1617 2231 ΑΗ,
1642 2130 1825 2228 GC,
1853 2151 1932 2210 et
1956 2131 2066 2212 est
2090 2131 2496 2236 puntstum

906 2271 965 2349 F
1016 2268 1228 2348 inter
1284 2269 1370 2348 G·
1430 2289 1509 2348 et
1556 2267 1653 2367 C,
1718 2260 2180 2373 (quoniam
2207 2265 2500 2346 datum
2540 2329 2548 2334 -
2633 2307 2712 2386 A
2977 2308 3066 2385 H
3204 2309 3288 2386 G
3337 2309 3554 2386 FEB
3594 2309 3664 2388 C

903 2405 1473 2512 rediangulum
1498 2405 1695 2502 AG,
1716 2403 2168 2509 GCmajus
2182 2403 2293 2482 est
2325 2403 2498 2513 ipso

904 2544 1070 2646 AF,
1110 2541 1298 2652 FC,)
1350 2540 1529 2639 erit,
1579 2567 1723 2646 per
1756 2542 1985 2646 Prop.
2028 2566 2074 2620 2
2086 2567 2168 2645 3..
2195 2539 2383 2624 Lib.
2425 2565 2502 2651 7.

906 2679 1187 2784 Pappi,
1226 2677 1793 2786 reetangulum
1826 2679 1991 2776 AF,
2032 2679 2158 2756 FC
2191 2675 2428 2756 fimul
2465 2705 2659 2760 cum
2703 2673 2874 2785 ipso
2921 2679 3098 2778 HF,
3139 2679 3280 2757 FG
3327 2681 3664 2787 aequale

904 2817 1376 2924 restangulo
1400 2815 1591 2914 AG,
1620 2815 1801 2913 GC,
1840 2813 1995 2892 hoc
2022 2813 2133 2894 est
2165 2813 2398 2913 dat03
2441 2815 2696 2923 igitur
2725 2815 3296 2922 restangulum
3317 2819 3496 2917 HF,
3517 2819 3662 2897 FG

908 2953 1021 3032 cst
1064 2952 1152 3031 id
1198 2953 1302 3031 ad
1348 2951 1571 3058 quod
1614 2951 2186 3058 reeiangulum
2231 2953 2383 3050 EF,
2435 2953 2558 3032 FB
2607 2952 2888 3032 datam
2931 2952 3180 3031 habet
3231 2954 3663 3038 rationem.

909 3088 1217 3186 Ρτὶωὸ,
1260 3085 1417 3168 fint
1449 3089 1759 3194 punaa
1786 3089 1882 3187 E,
1922 3089 1986 3165 B
2022 3085 2236 3168 ‘mter
2269 3087 2440 3193 ipsa
2473 3087 2592 3188 G,
2629 3091 2736 3186 (ἴς
2809 3089 3000 3169 data
3047 3089 3310 3197 igitur
3337 3091 3524 3171 sunt
3569 3093 3660 3172 in

909 3227 1124 3306 reeta
1158 3224 1369 3304 linea
1403 3244 1757 3331 quatuor
1789 3227 2094 3329 pmnsta
2127 3225 2246 3322 H,
2275 3225 2389 3324 G,
2420 3227 2515 3325 E,
2545 3227 2610 3304 B
2647 3223 3373 3306 adinveniendum
3411 3227 3662 3334 quin-

910 3383 1095 3442 tum
1133 3364 1188 3441 F
1222 3361 1435 3442 inter
1468 3363 1775 3467 punfflt
1808 3361 2080 3440 media
2115 3360 2228 3460 G,
2259 3363 2326 3440 E
2361 3363 2586 3467 quod
2621 3362 2862 3444 faciet
2883 3364 3454 3470 metzing-ulum
3479 3367 3660 3465 HF,

912 3499 1055 3580 FG
1092 3528 1141 3578 a
1174 3497 1609 3605 segmentis
1638 3498 1851 3576 inter
1872 3498 2143 3602 ipsum
2189 3519 2267 3576 et
2299 3495 2467 3579 duo
2501 3501 2806 3605 pumsta
2839 3501 2958 3600 H,
2987 3497 3070 3579 G
3097 3501 3308 3605 quae
3339 3499 3530 3580 sunt
3553 3501 3660 3585 ad

911 3635 1226 3715 easdem
1262 3635 1435 3739 ejus.
1468 3655 1731 3740 partes
1767 3634 1855 3746 in
1902 3635 2092 3714 data
2126 3634 2439 3716 ratione
2487 3635 2594 3718 ad
2635 3637 3208 3744 restangulum
3243 3639 3396 3737 EF,
3437 3639 3564 3717 FB
3611 3667 3660 3718 a

908 3769 1339 3878 segmentis
1377 3770 1588 3850 inter
1622 3757 1889 3875 ifisum
1924 3791 2001 3851 et
2046 3771 2358 3878 reliqua
2396 3774 2700 3878 punsta
2748 3771 2843 3874 E,
2884 3774 2979 3874 B,
3049 3771 3282 3880 quod
3321 3772 3462 3856 fiet
3507 3799 3662 3880 ope

910 3905 1141 4013 Prop.
1180 3931 1316 4016 57.
1418 3907 1573 3988 Vel
1619 3907 1913 4013 poterit
1947 3909 2355 4013 pune‘tum
2389 3911 2448 3990 F

909 4044 1258 4124 inveniri
1294 4044 1505 4124 inter
1536 4047 1616 4124 A
1648 4064 1725 4124 et
1762 4046 1879 4144 H,
1920 4065 2003 4124 et
2032 4065 2217 4124 tum
2249 4045 2442 4125 data
2573 4087 2653 4165 Α
2735 4085 2793 4164 F
2827 4085 2920 4164 H
3277 4083 3360 4167 G
3387 4087 3454 4166 E
3493 4089 3556 4168 B
3595 4085 3668 4169 C

908 4203 1147 4260 erunt
1172 4200 1525 4288 quatuor
1537 4181 1849 4288 'punita
1874 4181 2110 4283 H‚G‚
2130 4181 2224 4281 E,
2241 4181 2314 4260 B
2333 4181 2442 4262 ad
3333 4225 3348 4250 ο
3411 4225 3424 4248 ·
3521 4224 3536 4248 ι

908 4315 1496 4397 inveniendum
1532 4319 1920 4424 quintum
1946 4319 2003 4398 F
2027 4340 2248 4397 extra
2271 4315 2441 4424 ipsa

912 4454 1017 4536 ad
1040 4476 1301 4562 partes
1326 4455 1417 4536 H
1444 4455 1667 4564 quod
1692 4454 1933 4571 faciet
1956 4455 2532 4567 retstangulum
2552 4457 2730 4559 HF,
2749 4457 2890 4538 FG
2917 4483 2964 4538 a
2989 4459 3422 4570 segmentis
3449 4457 3674 4539 inter
