4109 5609
1230 428 2410 537 4PPEND1X.
3147 456 3192 524 y

556 608 917 677 Auferantur
946 610 1099 674 enim
1134 613 1393 695 aequalia
1426 612 1761 696 reetangula
1796 614 1924 687 KF,
1974 614 2077 676 FE
2117 607 2330 676 scilicet
2361 625 2422 675 et
2453 614 2588 683 HE,
2640 614 2756 677 EG
2791 626 2870 677 ex
2902 614 3192 698 quadrato

456 712 619 793 quod
644 711 715 773 fit
735 711 811 774 ab
836 713 969 780 HE,
994 714 1103 772 erit
1122 710 1433 792 reliquum,
1460 712 1811 793 quadratum
1832 708 2040 773 scilicet
2061 728 2139 773 ex
2159 713 2268 773 HF
2290 712 2531 793 aequale
2567 706 2824 794 (reliquo
2850 715 3192 799 reetangulo

456 812 593 881 ΕΗ,
625 812 767 881 HG,
801 808 917 871 hoc
938 807 1021 871 est
1046 807 1231 891 duplo
1254 809 1597 892 restangulo
1622 812 1752 879 ΕΗ,
1785 812 1919 881 ΗΒ,
1952 809 2068 871 hoc
2089 807 2173 870 est
2209 813 2314 890 [3.
2349 809 2448 883 2.]
2485 809 2670 890 duplo
2694 810 3038 893 reclangulo
3057 816 3188 882 ΕΒ.

453 911 565 970 BH
602 927 713 969 una
736 927 875 970 cum
907 906 1091 990 dupio
1122 907 1393 989 quadrati
1424 926 1501 969 ex
1535 909 1669 982 BH,
1720 906 1835 969 hoc
1866 904 1949 969 est
1986 905 2322 989 quadruplo
2357 908 2698 991 reciangulo
2729 910 2858 980 ΕΒ,
2910 912 3031 972 ΒΜ
3071 930 3190 972 una

450 1024 589 1068 cum
622 1006 911 1088 quadrato
943 1025 1019 1069 ex
1052 1008 1179 1075 LE,
1215 1005 1332 1069 hoc
1362 1004 1445 1067 est
1485 1008 1587 1083 [8.
1631 1003 1731 1078 2.]
1773 1007 1913 1086 quia
1941 1005 2210 1087 aequales
2245 1002 2374 1069 sunt
2407 1007 2548 1079 ΜΒ,
2593 1006 2748 1087 BL,)
2787 1004 3080 1087 quadrato
3111 1028 3192 1072 ex

450 1104 597 1166 ME.
676 1104 955 1185 Aequalis
986 1104 1167 1187 igitur
1196 1102 1281 1167 est
1303 1104 1461 1167 reeta
1485 1106 1593 1167 HF
1626 1102 1734 1185 ipfi
1766 1105 1909 1177 ME,
1944 1118 2004 1167 et
2036 1116 2345 1187 proptera
2367 1103 2528 1167 reeta
2551 1104 2704 1173 HM,
2737 1102 2854 1165 five
2877 1103 3194 1169 dimidium

446 1199 621 1273 baiis,
656 1202 845 1265 rthae
868 1204 991 1264 FE.
1042 1205 1211 1281 QE.
1240 1205 1323 1265 D.

549 1302 629 1361 Et
654 1314 723 1361 ut
753 1318 831 1361 ex
855 1303 910 1361 H
914 1299 1173 1381 ypothefi
1197 1298 1361 1383 quod
1383 1302 1481 1363 FE
1504 1300 1757 1383 aequalis
1780 1296 1850 1362 fit
1874 1298 2120 1363 dimidio
2151 1296 2296 1363 basis
2320 1298 2424 1359 BC
2457 1294 2574 1361 five
2599 1297 2788 1362 restae
2809 1301 2958 1371 HM,
2993 1294 3196 1383 stqui-

452 1410 551 1459 tur
592 1400 718 1469 BE,
766 1397 883 1460 hoc
912 1394 995 1460 est
1028 1392 1309 1459 summam
1342 1398 1425 1460 la-

452 1508 641 1557 terum
674 1510 735 1557 et
769 1494 1181 1577 perpendiculi,
1214 1516 1427 1579 aequa·
2980 1494 3046 1558 Ε.

452 1592 569 1657 lem
592 1593 699 1655 (sse
736 1592 883 1655 bafia
907 1594 1151 1657 dimidio
1178 1596 1285 1656 BL
1310 1614 1429 1655 una
2904 1624 2968 1688 P

446 1710 583 1753 cum
609 1694 715 1753 LE
740 1710 893 1773 quae
917 1693 1172 1773 aequalis
1194 1690 1273 1755 est
1304 1693 1427 1755 dia·

446 1806 637 1851 metro
673 1788 943 1871 quadrati
990 1810 1065 1851 ex
1098 1785 1247 1853 base.
1312 1794 1425 1863 Ita,
2786 1816 2852 1878 G-

444 1886 653 1949 eodem
708 1884 941 1968 prorsus
1000 1889 1317 1960 ratiocinio,
1378 1888 1425 1951 st
2687 1944 2752 2009 L

445 1984 605 2047 recta
628 1988 751 2055 FE,
786 1984 903 2049 hoc
926 1984 1006 2048 est
1042 1985 1423 2068 perpendicu·
2661 2014 2711 2073 Α
2747 2068 2772 2075 Γ
2795 2020 2814 2041 ·

442 2082 591 2155 lum,
646 2086 837 2146 minor
872 2081 942 2144 fit
976 2082 1219 2145 dimidio
1252 2083 1425 2155 bane,
2494 2064 2562 2125 Ν
2615 2042 3160 2116 “Q—

446 2194 515 2241 ut
533 2178 693 2243 estin
718 2183 877 2243 omni
906 2182 1019 2243 alio
1047 2179 1197 2253 casu,
1230 2179 1421 2244 osten·
2593 2084 2680 2307 ’ἐξ
2729 2100 2746 2305 Ι
2920 2182 3021 2317 ὲ
3084 2162 3118 2319 δ

444 2278 616 2341 detur
637 2278 855 2341 restam
876 2282 979 2341 BE
1007 2280 1289 2343 minorem
1314 2278 1425 2341 ess'e
1896 2284 1907 2301 '
2514 2264 2566 2326 Β
2702 2326 2764 2387 D
3133 2312 3186 2374 e

444 2372 515 2439 ea
550 2396 703 2459 quae
734 2378 1105 2458 componitur
1136 2396 1215 2439 ex
1248 2378 1423 2440 dimi·
2008 2380 2011 2386 '
2411 2413 2488 2475 M

442 2475 545 2537 dio
570 2472 717 2537 bafis
740 2490 801 2537 et
826 2475 1109 2539 diametro
1141 2474 1424 2557 praediciti

444 2573 737 2656 quadrati,
794 2586 855 2635 et
912 2571 1055 2636 haec
1112 2588 1419 2655 propterea

440 2670 603 2735 testa
644 2671 895 2733 maxima
944 2669 1027 2732 est
1078 2668 1299 2733 summa
1336 2672 1421 2733 la·

444 2784 635 2832 terum
668 2784 729 2833 et
776 2768 1207 2851 perpendiculi;
1260 2782 1421 2850 patet

444 2882 639 2930 autem
684 2864 965 2929 summam
1010 2866 1161 2929 hanc
1194 2862 1418 2949 semper

442 2965 719 3047 majorem
740 2964 848 3027 effi:
874 2962 1013 3027 basr.

536 3066 697 3126 Haec
732 3064 907 3126 etiam
945 3058 1241 3125 manifesta
1285 3058 1421 3125 suut

442 3180 521 3223 ex
552 3182 646 3232 e0,
680 3160 843 3243 quod
878 3160 937 3221 in
975 3160 1263 3242 triangulo
1296 3181 1416 3223 rec·

445 3260 687 3341 taugulo
726 3254 958 3320 Isoscele
1009 3254 1177 3338 supra
1220 3256 1418 3320 datam

444 3355 625 3419 bafim
656 3359 782 3433 BC,
818 3354 1303 3437 perpendicularis
1332 3354 1419 3417 est

442 3456 629 3535 major
655 3472 721 3515 ea
754 3454 815 3515 in
847 3452 963 3516 alio
994 3455 1205 3534 quovis
1238 3452 1419 3515 trian-

441 3554 587 3637 gulo
608 3551 951 3633 reetangulo
976 3548 1145 3633 super
1176 3550 1421 3613 eandem

439 3649 640 3725 bafim,
688 3664 751 3713 et
780 3646 1001 3711 summa
1031 3650 1275 3711 laterum
1312 3651 1413 3711 tri-

437 3749 637 3832 anguli
668 3743 947 3818 Isoscelis,
978 3746 1165 3826 major
1194 3746 1415 3809 summa

435 3848 685 3911 laterum
727 3845 785 3907 in
832 3846 1047 3925 quovis
1090 3846 1207 3907 alio
1240 3846 1415 3907 trian-
1524 3844 1586 3905 K

437 3946 583 4027 gulo
610 3942 949 4025 rectangulo
972 3938 1147 4026 super
1170 3941 1414 4007 eandem

440 4043 642 4107 bafim·
1248 4142 1653 4222 Componetur
1682 4149 1877 4201 autem
1910 4134 2218 4200 Problema
2248 4135 2350 4199 itu.

536 4242 695 4301 Data
728 4234 801 4299 fit
832 4240 883 4298 B
902 4238 959 4299 C
987 4234 1156 4309 bans,
1204 4252 1267 4301 et
1299 4242 1415 4300 BE
1466 4234 1687 4301 summa
1716 4236 1966 4299 laterum
1998 4250 2060 4298 et
2092 4235 2488 4318 perpendiculi
2521 4234 2790 4320 trianguli
2823 4234 3190 4319 restangulif

439 4334 631 4421 ipsum
654 4331 995 4399 describere.
1058 4336 1256 4399 Debet
1287 4352 1485 4399 autem
1517 4340 1623 4398 BE
1656 4336 1843 4416 major
1872 4332 1981 4397 ess'e
2012 4336 2141 4405 Bc,
2173 4346 2234 4395 at
2266 4352 2386 4399 non
2408 4334 2598 4417 major
2625 4330 2790 4403 ῐοᾶἒ,
2823 4354 2976 4425 quae
3007 4353 3170 4404 com.

442 4439 681 4523 ponitur
698 4453 777 4501 ex
794 4432 1041 4502 dimidio
1062 4432 1211 4503 bans
1232 4450 1293 4501 et
1314 4434 1597 4505 diametro
1619 4433 1892 4523 quadrati
1908 4428 1969 4499 su
1971 4452 2080 4521 per
2103 4430 2308 4501 bafim.
