4109 5609
474 1792 650 1860 vide
683 1789 874 1856 etiam

475 1893 590 1978 fig.
612 1911 676 1958 2.
691 1891 870 1956 Part.

472 1993 694 2074 hujus.
861 2009 872 2014 ·

917 445 1084 526 304
1541 416 1725 497 DE
1823 415 3026 500 PORISMATIBUS.

919 637 1074 715 KA
1099 635 1204 714 ad
1225 637 1420 737 ΛΗ,
1449 662 1700 741 quare
1723 655 1802 715 et
1825 634 2034 715 ratio
2059 636 2197 716 KF
2222 633 2327 714 ad
2351 638 2541 734 FH3
2594 657 2672 716 et
2697 635 2887 714 data
2910 635 3021 714 est
3043 637 3241 734 HK,
3263 635 3673 739 punctum

919 771 1176 880 igitur
1209 775 1266 852 F
1305 772 1602 853 datum
1647 774 1757 852 est
1775 806 1798 870 3
1871 792 1951 850 et
1995 771 2107 851 est
2152 773 2501 880 angulus
2550 771 2783 872 EDF,
2830 770 2989 851 five
3034 773 3263 850 EDG
3313 769 3677 878 aequalis

917 908 1110 988 dato
1146 911 1449 1019 angulo
1485 910 1780 991 MHK.
1875 907 2111 1022 Qae
2142 908 2479 990 fuerunt
2506 908 3027 989 ostendenda.

1927 1183 2482 1289 Componetur
2514 1181 2652 1263 ita.

1048 1317 1170 1400 Sit
1206 1321 1610 1425 punc'tum
1641 1321 1720 1398 A
1750 1318 2075 1419 datum,
2118 1339 2199 1398 et
2230 1320 2448 1399 recta
2481 1319 2625 1396 AB
2661 1314 3047 1422 pofitione
3083 1316 3301 1414 data,
3350 1335 3430 1394 et
3468 1311 3683 1420 pofi—

915 1453 1136 1536 tione
1170 1456 1407 1538 datus
1441 1456 1540 1537 fit
1574 1456 1926 1538 circulus
1963 1455 2206 1557 CDE,
2254 1479 2423 1534 non
2461 1475 2736 1534 autem
2768 1450 2864 1532 fit
2896 1455 3039 1531 AB
3078 1452 3182 1531 ad
3226 1453 3487 1533 rectos
3522 1477 3683 1529 an·-

914 1593 1149 1700 gulos
1185 1593 1584 1674 diametro
1620 1619 1828 1701 quae
1862 1589 2143 1673 transit
2178 1618 2321 1697 per
2365 1593 2768 1696 punctum
2802 1591 2921 1686 A;
2993 1616 3138 1695 per
3181 1608 3560 1669 centrum
3608 1589 3681 1666 L

913 1727 1264 1810 ducatur
1316 1733 1624 1831 AHK,
1696 1728 1885 1809 fiat-

919 1893 1082 1974 que
1114 1887 1210 1947 ut
1235 1868 1389 1947 KA
1413 1868 1520 1947 ad
1543 1868 1739 1966 AH,
1770 1865 1887 1945 ita

921 2003 1060 2086 KF
1086 2004 1190 2084 ad
1216 2004 1392 2103 ΡΗ,
1419 2024 1502 2083 et
1536 2004 1886 2084 ducatur

922 2143 1099 2223 KM
1171 2141 1546 2248 parallela
1626 2141 1888 2220 reciae

918 2279 1095 2380 AB,
1132 2299 1212 2358 et
1245 2280 1432 2357 HM
1457 2276 1883 2387 jungatur.

917 2413 1005 2494 Si
1066 2441 1114 2494 a
1160 2416 1464 2520 puncto
1511 2415 1588 2492 A
1629 2413 1886 2493 duca-

918 2569 1058 2630 tur
1086 2547 1310 2631 ADc
1333 2572 1752 2657 utcunque
1779 2549 1884 2629 ad

915 2685 1347 2788 circulum,
1412 2708 1490 2768 et
1537 2685 1682 2794 ipfi
1739 2688 1883 2766 AB

916 2824 1294 2932 parallela
1324 2825 1680 2906 ducatur
1713 2825 1878 2924 CE,

915 2982 996 3043 et
1030 2961 1491 3071 jungantur
1532 2961 1708 3063 DE,
1743 2964 1882 3042 DF

918 3126 1129 3206 quae
1185 3097 1882 3181 circumferentiae

915 3235 1187 3317 rursus
1223 3258 1593 3318 occurrat
1625 3236 1716 3317 in
1758 3236 1875 3337 G,
1925 3241 1936 3252 '

915 3372 1069 3453 erit
1101 3375 1450 3482 angulus
1498 3375 1704 3454 EDF
1741 3401 1880 3454 ae-

917 3509 1182 3617 qualis
1218 3509 1412 3589 dato
1447 3511 1751 3618 angulo
1784 3512 2061 3597 MHF.

1056 3645 1478 3760 Qoniam
1513 3646 1735 3728 enim
1764 3647 1881 3729 est
1912 3651 2070 3730 ΚΑ
2102 3649 2207 3729 ad
2238 3649 2435 3750 AH,
2475 3669 2570 3730 ut
2602 3650 2742 3730 KF
2775 3652 2880 3730 ad
2919 3650 3093 3752 FH,
3143 3675 3221 3734 et
3256 3681 3303 3734 a
3340 3657 3677 3761 punffis

917 3785 1026 3882 A,
1064 3786 1121 3864 F
1167 3778 1507 3864 inflexae
1551 3783 1741 3865 sunt
1783 3785 1890 3866 ad
1934 3785 2679 3893 circumferentiam
2722 3790 2907 3888 AD,
2957 3791 3091 3870 FD
3137 3790 3209 3870 ei
3256 3791 3533 3874 rursus
3578 3791 3677 3873 in

479 3957 790 4024 «Mona,
800 3973 832 4034 5
843 3971 898 4036 3·
919 3921 1016 4020 C,
1055 3921 1138 4001 G
1163 3941 1709 4022 occurrenteS‚
1759 3921 1911 4005 erit
1934 3911 2276 4030 djunaa
2310 3923 2461 4004 CG
2497 3925 3179 4030 perpendicularis
3213 3927 3319 4006 ad
3352 3928 3679 4008 diame-

921 4079 1146 4138 trum
1192 4060 1386 4142 HK.
1502 4059 1845 4165 Jundtae
1887 4058 2143 4169 igitur
2187 4061 2362 4160 CK,
2402 4061 2565 4140 KG
2612 4057 2801 4140 funt
2844 4066 3243 4170 aequaloe,
3292 4091 3547 4171 quare
3588 4087 3677 4147 et

919 4194 1616 4283 circumferentiae
1648 4196 1824 4297 CK,
1862 4197 2027 4278 KG
2062 4197 2431 4305 aequales
2465 4197 2693 4296 sunt3
2766 4219 2847 4279 et
2884 4201 3280 4306 quoniam
3326 4201 3675 4307 paralle-

920 4333 1045 4414 lae
1087 4333 1276 4413 sunt
1321 4334 1484 4433 ΟΕ,
1533 4333 1741 4434 MK,
1815 4335 2186 4441 aequales
2230 4333 2420 4415 sunt
2477 4334 3173 4421 circumferentiae
3216 4339 3410 4439 MC,
3461 4339 3670 4436 EK3

922 4468 1179 4582 igitur
1211 4491 1290 4553 et
1327 4469 1976 4557 circumferentia
2008 4473 2259 4556 MCK
2289 4471 2645 4583 aequalis
2682 4473 2793 4556 est
2826 4472 2970 4583 ipsi
3004 4476 3265 4577 EKG,
3304 4495 3385 4570 ct
3418 4501 3677 4582 prop-
