4109 5609
1117 433 1298 518 DE
1411 409 2612 525 PORIS'MATIBUS.
2860 399 2863 404 ’
3068 467 3231 552 553

473 682 746 740 autem
782 653 996 739 recia
1038 683 1090 736 a
1135 654 1442 764 puncto
1488 655 1548 734 h
1594 656 1869 756 ducta,
1922 685 2132 763 quae
2176 657 2479 740 circulo
2524 658 2904 759 occurrit,
2956 661 3228 742 neces·-

472 793 680 877 sarib
723 797 984 875 reciae
1031 796 1145 875 sA
1189 816 1554 875 occurret
1611 793 1848 900 supra
1895 795 2298 902 punctum
2348 825 2413 895 S,
2488 799 2705 876 recta
2752 819 3025 878 autern
3072 799 3221 907 hq‚

465 963 710 1041 quae,
761 959 855 1014 ex
887 928 1335 1040 hypothefi,
1379 931 2075 1012 circumferentiae
2110 933 2489 1033 occurrit,
2529 933 2735 1014 secat
2770 937 3073 1014 rectam
3109 939 3226 1016 sA
3284 989 3295 996 -

465 1071 681 1178 inq,
730 1089 809 1150 et
855 1090 1269 1176 propterea
1315 1069 1528 1148 resta
1565 1097 1678 1175 qp
1714 1071 2090 1176 parallel-a
2126 1067 2270 1176 ipfi
2318 1091 2393 1150 st
2438 1072 2667 1152 cadet
2713 1069 2949 1178 supra
2994 1101 3217 1170 eam3

473 3563 580 3642 est
616 3561 870 3669 igitur
902 3553 1018 3668 hp
1063 3551 1322 3668 major
1359 3555 1522 3668 ipsa
1558 3559 1680 3662 ht,
1730 3559 1884 3641 hoc
1921 3561 2032 3639 est
2078 3559 2192 3682 kh
2240 3560 2499 3668 major
2545 3563 2652 3644 est
2700 3563 3219 3675 contingente

475 3701 596 3784 hr.
679 3700 922 3779 Hisce
957 3697 1426 3805 praesumis»,

1246 3839 1804 3940 Componetur
1837 3837 2257 3950 problema
2292 3837 2431 3920 ita.

944 3971 1160 4053 Vide
1190 3976 1496 4054 rectam
1529 3973 1616 4052 kl
1652 4002 1858 4082 quae
1895 3976 2003 4054 est
2037 3955 2256 4054 extra
2292 3969 2717 4058 circulum.

605 4111 728 4192 Sit
760 4111 846 4191 kl
884 4113 1097 4192 resta
1131 4101 1516 4218 pofitione
1548 4110 1768 4209 data,
1817 4129 1898 4190 et
1933 4111 2123 4192 data
2156 4107 2309 4192 fint
2342 4114 2647 4218 ‘punc'ta
2690 4113 2777 4213 k,
2818 4113 2890 4205 l;
2960 4113 3221 4196 duca·-

473 4267 610 4330 tur
643 4277 691 4328 a
725 4267 999 4332 centro
1035 4247 1250 4329 reeta
1285 4247 1412 4328 Ch
1446 4247 1551 4328 ad
1584 4249 1671 4327 kl
1716 4249 2429 4355 perpendicularis,
2480 4248 2760 4358 igitur,
2811 4273 2905 4329 ex
2950 4249 3223 4357 hypo-

473 4384 696 4486 theii,
739 4389 1104 4493 aequales
1139 4385 1326 4466 sunt
1361 4385 1476 4486 lh,
1514 4383 1660 4486 hk,
1711 4406 1817 4486 et,
1869 4385 1958 4464 in
1993 4375 2179 4467 ceisu
2216 4415 2381 4494 quo
2413 4387 2499 4466 kl
2536 4388 2837 4468 circulo
2872 4405 3041 4466 non
3076 4409 3223 4467 oc-

475 4523 757 4625 currit,
827 4517 922 4604 fit'
975 4523 1094 4604 kh
1151 4523 1410 4630 major
1455 4520 1670 4606 resta
1713 4523 1816 4602 hr
1863 4545 2072 4630 quae
2120 4524 2517 4607 circulum
2564 4525 2653 4604 in
2699 4541 2741 4603 r
2787 4523 3221 4634 contingit.

1681 4663 2007 4742 Aaaa
