4109 5609
878 402 1033 518 156
1228 400 1403 481 DE
1468 398 2170 481 sEcTIONE
2231 398 3289 499 DETERMINATA

868 624 1101 735 prius
1136 619 1566 720 ostensum,
1605 622 2009 727 punitum
2042 621 2136 701 H
2171 618 2370 701 faci't
2401 619 2842 701 minimam
2875 622 3300 707 rationem,
3371 622 3646 705 Potest.

870 754 1125 845 etiam
1160 760 1567 867 punitum
1598 760 1691 837 H
1726 756 2078 837 inveniri
2112 754 2174 837 fi
2208 756 2354 837 fiat
2385 778 2482 839 ut
2519 760 3094 867 redtangulum
3117 762 3326 840 BAE
3361 761 3468 841 ad
3501 762 3628 869 ip-

874 901 1061 983 sum
1094 900 1325 997 ECB,
1398 896 1515 977 ita
1549 895 2045 1003 quadratum
2091 922 2188 975 ex
2229 897 2398 975 AH
2443 896 2550 976 ad
2595 896 3092 1003 quadratum
3138 924 3233 977 ex
3279 900 3465 1001 HC,
3537 920 3640 980 ut

878 1034 1189 1121 constat
1224 1063 1319 1114 ex
1353 1038 1585 1139 Prop.
1636 1060 1761 1142 19.
1910 1132 1917 1139 ·
2040 1088 2048 1097 -

1018 1176 1124 1255 Et
1159 1173 1467 1279 punsta
1496 1168 1644 1277 ipfi
1677 1172 1769 1252 H
1804 1169 2184 1276 propiora
2215 1168 2582 1251 minores.
2617 1170 2937 1252 faciunt
2980 1169 3332 1253 rationes
3377 1200 3651 1281 quam:

877 1312 1191 1419 punCia
1222 1307 1656 1389 remotiora
1694 1307 1800 1385 ad
1834 1306 2149 1405 easdem
2183 1326 2446 1412 partes
2483 1307 2772 1413 punffi
2797 1310 2913 1390 H.
2959 1308 3081 1387 Sit
3116 1308 3337 1388 enim
3367 1336 3642 1415 punc-.-

884 1470 1077 1529 tum
1097 1448 1153 1526 F
1190 1445 1533 1553 propius.
1556 1442 1705 1551 ipfi
1738 1446 1829 1523 H
1864 1472 2120 1549 quam
2145 1446 2548 1549 planetum
2583 1446 2686 1523 Μ
2717 1444 2822 1523 ad
2857 1445 3172 1525 easdem
3207 1469 3470 1551 partes
3508 1447 3654 1552 ip-

882 1584 1043 1667 fius
1068 1588 1184 1667 H.
1232 1583 1519 1692 Igitur,
1551 1610 1693 1688 per
1716 1610 1807 1661 ea
1832 1610 2041 1687 quae
2067 1580 2368 1660 ostensa
2399 1581 2586 1661 sunt
2621 1580 2715 1659 in
2745 1582 3416 1663 determinatione
3451 1586 3644 1663 Pro·-

886 1720 1269 1803 bIematis
1316 1721 1407 1799 in
1452 1722 1685 1826 Prop.
1732 1744 1869 1827 47.
1901 1718 2084 1798 'ei-it
2128 1717 2346 1799 ratio.
2381 1718 2842 1825 reeianguli
2879 1718 3158 1819 G„FD
3217 1720 3324 1798 ad
3370 1720 3646 1825 ipsum

887 1862 1017 1943 EF
1020 1862 1083 1937 B
1120 1858 1395 1937 minor
1423 1856 1735 1945 ratione
1768 1855 2220 1963 redtanguli
2257 1856 2370 1955 G,
2400 1856 2577 1933 MD
2613 1854 2724 1935 ad
2761 1854 3044 1960 ipsum.
3067 1858 3298 1935 EMB
3329 1890 3354 1955 3
3431 1884 3644 1963 qua.-

884 2026 1003 2097 re,
1052 1992 1647 2102 componendm
1719 2012 1799 2073 et
1844 2019 1984 2099 pet
2029 1996 2262 2097 Prop.
2315 2018 2445 2097 30.
2493 1991 2644 2072 erit
2689 1991 2897 2074 ratio
2939 1992 3394 2103 re&anguli
3436 1994 3661 2076 AFG.

888 2135 996 2216 ad
1029 2132 1601 2241 refiangulum
1634 2132 1863 2233 EFB,
1918 2128 2194 2211 minor
2227 2128 2540 2213 tatione
2583 2130 3036 2241 redtanguli
3079 2132 3342 2213 AMC.
3357 2130 3465 2211 ad
3508 2131 3662 2240 ip-
3735 2114 3740 2117 ¹

884 2270 1087 2359 fum‘
1104 2272 1366 2354 EMB.

1540 2544 2112 2649 Componetur·
2129 2568 2336 2622 vero·
2353 2540 2776 2622 Problema
2807 2538 2970 2643 i'ta„

1028 2818 1151 2901 Sit
1193 2818 1403 2899 ratio
1448 2817 1637 2897 data
1674 2842 1929 2923 quam
1974 2814 2289 2897 habere·
2315 2812 2570 2896 debet·
2587 2814 3159 2923 reaangulum
3193 2842 3242 2895 a
3273 2812 3664 2925 segmen·-

888 2956 1000 3037 tis
1036 2958 1251 3037 inter
1284 2956 1691 3061 punstum
1720 2952 2316 3033 inveniendum-
2345 2972 2428 3032 et
2459 2952 2768 3057 punaa
2797 2954 2905 3051 A,
2943 2952 3013 3031 C
3057 2953 3166 3032 ad
3207 2954 3661 3063 restangu·

890 3094 1073 3173 lum
1110 3123 1155 3173 a
1191 3090 1621 3201 segmentis
1666 3090 1881 3171 inter
1922 3089 2200 3194 ipsum
2237 3106 2322 3170 et
2361 3090 2668 3196 punsta
2711 3088 2809 3193 Ε,
2845 3090 2914 3172 Β
2959 3114 3064 3170 ea
3099 3116 3355 3199 quam
3397 3090 3666 3176 habet:

758 3252 763 3259 ·
888 3232 1115 3311 :tedia
1136 3232 1271 3309 ΟΡ
1297 3228 1403 3309 ad
1426 3226 1687 3335 ipsam
1721 3226 1919 3341 PQ
1950 3228 2059 3307 Et

890 3367 1420 3449 inveniantur
1452 3366 1759 3471 pumsta
1790 3367 1897 3465 D,
1929 3364 2047 3464 H,
2189 3366 2342 3433 AB
2491 3364 2547 3433 E
2609 3364 2680 3435 K
2845 3366 2926 3436 Η
2977 3368 3166 3437 m
3230 3369 3294 3437 C
3574 3368 3658 3437 D·

750 3532 764 3553 ··
890 3508 1003 3606 K,
1021 3506 1087 3585 L
1117 3526 1195 3585 et
1218 3506 1433 3585 reeta
1458 3503 1571 3603 G,
1588 3522 1685 3581 ut
1708 3500 1799 3579 in
1823 3528 2048 3608 prae-

890 3640 1145 3723 miflis'
1180 3640 1580 3722 ostensum
1611 3637 1799 3729 fuit.
1849 3641 1951 3717 Et
1984 3635 2051 3717 fi·
2286 3596 2358 3667 α’
2621 3598 2689 3665 ⁰
2909 3597 3028 3746 Q,
3049 3598 3112 3665 P

810 3858 825 3877 ,
890 3779 1102 3861 ratio
1138 3780 1273 3858 ΟΡ
1309 3776 1413 3857 ad
1448 3774 1919 3891 PQeadem
1954 3772 2053 3855 fit

892 3914 1195 3995 rationi
1228 3914 1649 4013 minimae,
1698 3910 1855 3995 hoc
1890 3910 2001 3993 est
2032 3908 2336 3991 rationi·
2369 3936 2626 4017 quam
2657 3909 2908 3991 habet
2940 3914 3156 3994 redi-a
3187 3910 3340 3992 LK
3375 3913 3484 3994 ad
3515 3914 3656 4021 ip-

892 4054 1071 4133 sam
1104 4055 1279 4152 KE,
1342 4050 1501 4132 fiv‘e
1532 4048 1831 4131 rationi
1864 4047 2322 4154 mctanguli·
2347 4048 2584 4127 AHC
2619 4048 2728 4129 ad
2759 4046 3036 4153 ipsum
3065 4050 3318 4151 EHB,
3379 4078 3664 4156 punc-

896 4212 1083 4269 tum
1118 4193 1209 4269 H
1259 4188 1545 4276 efficiet
1591 4186 2041 4285 Problema,
2089 4183 2580 4290 nullumque
2627 4184 2880 4285 aliud,
2927 4206 3026 4265 ut
3068 4186 3162 4267 in
3203 4186 3650 4293 praemiffis
3755 4287 3762 4295 ι

896 4326 1329 4407 ostensum.
1400 4325 1483 4405 Si
1520 4351 1709 4405 vero
1741 4323 1951 4405 ratio
1984 4323 2180 4403 data
2201 4323 2336 4401 ΟΡ
2361 4321 2468 4401 ad
2490 4320 2688 4437 PQ
2703 4322 2980 4403 minor
3009 4319 3106 4403 fit
3137 4324 3450 4405 ratione
3483 4325 3655 4405 mi-

896 4464 1157 4567 nima,
1206 4463 1633 4547 Problema
1676 4484 1847 4544 non
1891 4458 2188 4571 poterit
2231 4458 2622 4547 construi..
2711 4458 2968 4577 Qod
3007 4456 3072 4542 fi
3113 4461 3324 4545 tatio
3365 4462 3504 4545 ΟΡ
3547 4461 3663 4545 ad

2585 4582 2610 4589 Ο
2709 4584 2723 4593 υ
