4109 5609
1106 442 1293 523 DE
1392 434 2552 523 LOGARITHMIS.
3145 458 3210 552 7

428 665 605 747 onis
642 666 787 745 AB
824 664 931 743 ad
966 662 1145 762 BG,
1186 660 1449 767 major
1482 660 1593 741 est
1628 688 1883 767 quam
1914 656 2498 770 Logarithmus
2533 659 2872 742 rationis
2905 662 3050 741 AB
3087 664 3194 743 ad

430 806 602 902 BA,
652 802 807 883 hoc
844 801 955 880 est
991 828 1243 906 quam
1278 800 1453 899 DE,
1504 796 1731 904 quod
1776 796 1951 879 fieri
1996 826 2168 879 non
2216 797 2494 905 potest.
2607 798 3195 908 Logarithmus

427 942 685 1051 igitur
718 938 1053 1019 rationis
1088 940 1235 1017 AB
1270 937 1376 1018 ad
1412 938 1554 1015 BA
1588 936 1945 1043 aequalis
1980 937 2086 1018 sc.
2123 934 2230 1015 ad
2265 936 2716 1043 aequalem,
2765 937 2976 1017 nihil
3011 940 3158 1022 est,

568 1080 695 1157 Co
710 1103 796 1159 R.
836 1103 911 1158 2.
960 1075 1341 1181 Ejusdem
1372 1071 1714 1153 rationis
1746 1072 2041 1154 unicus
2077 1075 2188 1153 est
2221 1074 2832 1183 LogaritIimUS.

569 1214 654 1295 si
703 1214 913 1293 ratio
958 1210 1355 1319 propofita
1403 1230 1943 1315 componatur
2000 1238 2098 1291 ex
2153 1212 2611 1292 rationibus
2669 1212 3198 1315 radicalibus,

436 1353 591 1433 hoc
630 1350 1153 1430 manifestum
1188 1350 1321 1431 est.
1436 1349 1522 1428 si
1568 1369 1843 1429 autem
1886 1347 2098 1427 ratio
2144 1348 2418 1455 aliqua
2463 1350 2605 1429 FG
2653 1349 2758 1429 ad
2803 1349 2980 1430 GH
3023 1378 3206 1431 non

438 1518 533 1570 ex
576 1489 865 1569 iisdem
910 1507 1473 1593 componatur,
1536 1482 1633 1564 fit
1680 1486 1841 1565 KL
1889 1483 2058 1589 ejus
2106 1486 2686 1593 Logarithmus
2747 1486 3198 1570 secundum

434 1626 619 1709 Def.
664 1652 737 1731 3.
776 1648 855 1705 et
888 1623 949 1703 fi
982 1626 1195 1704 alius
1237 1620 1489 1729 potest
1523 1620 1671 1701 effe
1707 1621 2060 1727 ejusdem
2094 1620 2709 1732 Logarithmus,
2758 1622 2854 1705 fit
2889 1625 2958 1707 is
3007 1626 3226 1741 KQ

441 1788 649 1871 quae
686 1763 953 1867 primo
987 1762 1249 1867 mzijor
1288 1758 1383 1839 fit
1420 1786 1673 1865 quam
1708 1758 1899 1861 KL3
1952 1780 2037 1839 et
2066 1782 2609 1865 componatur
2637 1758 3037 1869 afl'umpta
3067 1792 3196 1844 ra-

330 1986 345 1993 ,
434 1902 557 1980 tio
584 1902 729 1978 AB
765 1900 869 1978 ad
906 1902 1037 1979 Bc
1074 1926 1169 1978 ex
1202 1896 1691 1995 rationibus,
1739 1924 2108 2003 quarum·
2129 1924 2522 1977 numerus
2567 1897 2832 2004 major
2873 1902 2988 1979 cst
3027 1930 3192 1980 nu·-

437 2066 663 2117 mero
701 2037 1065 2143 partium
1096 2032 1241 2141 ipfi
1276 2033 1961 2145 LQaequaliuQ
2026 2060 2238 2141 quae
2283 2034 2372 2114 in
2419 2033 2822 2142 affumpta
2861 2038 3196 2147 magni.-

436 2174 723 2255 tudine
756 2176 903 2253 DE
936 2172 1502 2269 continentur;
1570 2168 1666 2249 fit
1702 2192 1980 2249 autem.
2022 2169 2230 2250 ratio
2277 2172 2418 2251 FG
2467 2174 2574 2253 ad
2620 2173 2802 2253 GM
2851 2202 2941 2254 ea
2990 2204 3198 2282 quae

440 2339 535 2392 ex
570 2310 1023 2391 rationibus
1060 2306 1219 2389 illis
1256 2302 1695 2414 composita
1724 2307 2090 2415 proxime
2124 2308 2403 2389 minor
2432 2311 2542 2391 est
2575 2310 2888 2393 ratione
2923 2313 3062 2393 FG
3093 2312 3200 2395 ad.

438 2450 647 2548 GH,
664 2445 847 2527 etfit
858 2448 1069 2528 ratio
1091 2447 1235 2525 FG
1250 2444 1357 2525 ad

440 2587 607 2665 GN
654 2613 747 2665 ex
791 2584 1077 2665 iisdem
1126 2610 1357 2665 com·
1494 2558 1553 2636 F
2067 2630 2076 2637 -
2304 2561 2404 2639 M
2473 2564 2566 2641 Η
2600 2565 2679 2647 Ν
3111 2564 3198 2646 G

438 2719 690 2831 pofita
740 2750 947 2829 quae
994 2720 1359 2827 proxime

440 2852 705 2967 major
738 2860 849 2941 est
879 2860 1191 2939 ratione
1216 2857 1357 2937 FG
1497 2832 1579 2909 K
1971 2832 2049 2911 Ο
2108 2832 2176 2910 L
2225 2834 2284 2911 P
2386 2832 2527 2947 Q,

447 2997 552 3078 ad
588 2998 793 3096 GH,
822 2994 1137 3103 fintque
1172 2996 1357 3094 ΚΟ,
1500 2967 2450 3009 -ῴ-Δ-“

444 3137 585 3215 ΚΡ
620 3134 920 3215 harum
960 3133 1379 3214 rationum
1422 3130 1966 3240 Logarithmi.
2066 3132 2174 3213 Et
2215 3134 2612 3241 quoniam
2654 3140 2866 3223 ratio
2905 3140 3050 3221 FG
3097 3144 3206 3225 ad

396 3376 407 3385 ¹
442 3270 611 3351 GN
656 3269 1177 3378 componitur
1218 3295 1319 3349 ex
1356 3269 1815 3349 rationibus
1856 3269 2352 3353 radicalibus
2399 3302 2756 3381 quanm
2809 3290 3202 3363 numerus

442 3408 759 3489 unitate
790 3406 1057 3514 major
1084 3407 1195 3487 est
1238 3432 1585 3486 numero
1631 3406 2078 3487 earundem
2122 3434 2218 3489 ex
2261 3410 2566 3517 quibus
2613 3414 3050 3523 compotita
3092 3418 3206 3499 est

444 3546 653 3626 ratio
689 3544 831 3625 FG
869 3543 974 3624 ad
1007 3544 1219 3643 GM,
1258 3568 1658 3624 numerus
1685 3543 2043 3650 partium
2077 3544 2560 3628 radic-alium
2593 3550 2684 3631 in
2719 3555 2866 3635 KP
2889 3555 3210 3638 mitate

444 3682 709 3789 major
740 3682 893 3763 erit
925 3708 1267 3763 numero
1302 3680 1745 3760 earundem
1776 3680 1873 3760 in
1915 3684 2114 3781 KO3
2203 3684 2314 3764 est
2357 3684 2614 3794 igitur
2656 3692 2800 3771 ΟΡ
2835 3718 3018 3773 una.
3049 3692 3205 3773 h-a..

446 3847 641 3902 rum
675 3817 1062 3926 partium.
1154 3820 1257 3898 Et
1293 3813 1687 3925 quoniam
1722 3844 2112 3900 numerus
2148 3820 2564 3903 rationum
2599 3850 2696 3905 ex
2731 3828 3040 3935 quibus
3069 3848 3206 3911 ra..

446 3956 565 4040 tio
598 3958 743 4039 AB
779 3957 886 4037 ad
920 3958 1057 4037 BC
1090 3953 1529 4062 eompofita
1558 3955 1695 4055 est,
1734 3956 1889 4037 hoc
1926 3956 2041 4037 est
2069 3982 2460 4040 numerus
2497 3962 2858 4067 partium
2888 3964 3210 4048 radica-

448 4096 659 4176 lium
692 4094 787 4175 in
816 4096 965 4173 DE
998 4093 1286 4200 major,
1340 4120 1438 4173 ex
1470 4093 2088 4203 con-strufflonc,
2141 4092 2271 4176 est'
2292 4122 2638 4177 numero
2670 4102 3028 4206 partium
3062 4104 3210 4211 ipfi

449 4232 1119 4346 LQaequalium
1156 4256 1362 4337 quae
1396 4230 1485 4309 in
1521 4232 1669 4309 DE
1704 4230 2252 4333 continentur,
2292 4233 2442 4313 erit
2476 4237 2612 4316 ΟΡ
2646 4236 2918 4318 minor
2953 4264 3209 4346 quam

398 4366 403 4373 ’
452 4369 664 4484 LQ
683 4396 933 4477 quare
968 4368 1233 4447 multo
1266 4366 1541 4446 minor
1572 4368 1685 4448 est
1716 4370 1847 4448 LP
1882 4367 2049 4473 ipsa.
2083 4368 2295 4483 LQ
2331 4370 2608 4451 minor
2637 4373 2894 4483 igitur
2929 4378 3040 4455 est
3072 4378 3210 4455 KP

454 4534 711 4617 quam
744 4504 971 4622 KQ
1006 4502 1427 4621 Qoniam
1460 4531 1659 4586 vero
1679 4508 1827 4639 KP
1857 4502 2440 4619 Logarith'mus
2475 4509 2594 4591 est.
2616 4511 2954 4595 rationis
3001 4536 3215 4621 quae
