4109 5609
730 448 1823 571 QUANTITATUM
1892 448 2062 533 ET
2131 448 2938 537 RATIONUM.
3105 482 3212 566 ι,

444 680 554 777 Ο,
592 676 737 759 AB
762 702 927 755 una
968 702 1161 755 cum
1198 671 1369 778 ipso
1403 675 1489 772 P,
1521 672 1655 751 BC
1678 670 1783 751 ad
1810 673 2380 779 reRangulum
2407 674 2511 774 O,
2549 675 2721 757 AE.
2807 673 3212 777 Secundo,

440 814 506 897 fi
542 816 707 893 ΒΜ
754 812 1017 919 major
1062 812 1313 893 fuerit
1360 834 1615 917 quam
1652 807 1843 921 Q,
1882 806 2246 890 fimiliter
2278 812 2740 891 ostendetur
2783 813 2992 895 ratio
3039 814 3215 899 RM

438 953 557 1033 ad
604 954 745 1031 EA
780 948 1041 1055 major
1076 948 1387 1028 ratione
1424 946 1570 1060 Q
1609 947 1714 1025 ad
1748 950 1918 1028 AE.
1991 947 2298 1048 Tertio,
2345 947 2406 1029 fi
2453 950 2618 1029 EM
2657 948 2934 1031 minor
2963 950 3217 1035 fuerit

445 1117 707 1199 qua-m
736 1088 928 1201 Q,
966 1084 1329 1166 {imiliter
1358 1086 1824 1165 ostendetur
1858 1084 2066 1164 ratio
2096 1088 2268 1165 ΒΜ
2295 1087 2400 1165 ad
2427 1088 2570 1169 EA
2589 1085 2870 1168 minor
2899 1088 3216 1171 ratione

534 1230 601 1307 Β
632 1227 743 1306 ad
777 1228 947 1307 EA.

440 1228 1200 1445 Qostendendum
1238 1384 1425 1443 vero
1460 1360 1572 1441 est
1604 1359 1697 1439 in
1732 1359 2082 1439 secundo
2117 1361 2304 1441 casu
2339 1360 2430 1441 in
2467 1390 2635 1468 quo
2669 1360 2968 1443 scilicet
3001 1359 3210 1443 ratio

440 1505 620 1583 ΒΜ
668 1502 773 1581 ad
818 1502 989 1601 EA,
1026 1500 1183 1579 hoc
1224 1500 1342 1577 est
1384 1498 1593 1578 ratio
1638 1498 2122 1579 incrementi
2165 1500 2402 1579 ALH
2447 1498 2690 1605 ipcfius
2725 1502 2868 1579 AC
2905 1500 3012 1579 ad
3056 1500 3212 1589 AN

436 1640 1044 1759 incremeqtum
1092 1633 1335 1741 ipfius
1384 1638 1547 1736 AF,
1596 1634 1859 1739 major
1905 1636 2013 1715 est
2060 1635 2372 1715 ratione
2417 1638 2570 1751 Q
2619 1638 2724 1719 ad
2773 1638 2946 1736 ΑΕ,
3001 1636 3212 1744 poffe

437 1779 847 1861 rationem
880 1777 1117 1855 ALH
1152 1772 1561 1878 adipsum
1594 1774 1749 1851 AN
1778 1772 2192 1857 minorem
2227 1772 2402 1853 fieri
2430 1802 2923 1881 quacunque
2955 1778 3210 1857 ratio-

436 1942 548 1995 ne
580 1916 775 1994 data
802 1940 1017 2021 quae
1050 1911 1313 2016 major
1336 1911 1445 1990 est
1480 1911 1791 1989 ratione
1817 1908 1965 2021 Q
1993 1911 2108 1991 ad
2137 1912 2305 1993 EA.
2375 1913 2509 1993 Sit
2541 1913 2738 1993 haec
2776 1912 2984 1995 ratio
3019 1914 3212 1996 data

442 2080 537 2132 ea
574 2079 827 2159 quam
876 2050 1123 2130 habet
1156 2048 1370 2128 retf'ta
1418 2048 1597 2161 Qsl
1646 2047 1751 2125 ad
1788 2046 2043 2151 ipsam
2083 2050 2252 2147 EA,
2291 2050 2403 2129 est
2437 2048 2694 2156 igitur
2729 2050 2910 2164 QVI
2949 2050 3211 2156 major

436 2218 699 2296 quam
737 2188 925 2302 Q3
1002 2186 1333 2293 quaudo
1380 2214 1569 2265 vero
1607 2186 1771 2262 ΒΜ
1820 2184 1927 2263 est
1962 2183 2561 2265 incrementum
2611 2181 2852 2292 ipfius
2891 2190 3064 2287 AB,
3114 2186 3212 2267 fit

442 2328 579 2407 1213
618 2328 1214 2407 incrementum
1251 2322 1491 2429 ipsius
1540 2324 1702 2420 CB,
1753 2342 1831 2399 et
1878 2342 1973 2399 ut
2020 2322 2155 2401 LB
2203 2323 2308 2403 ad
2355 2326 2517 2402 EM
2566 2325 2680 2402 ita
2729 2324 2874 2404 fiat
2923 2328 3054 2405 CB
3105 2326 3223 2403 ad'

440 2468 625 2565 AR,
679 2464 789 2541 est
836 2463 1089 2571 igitur
1122 2464 1273 2541 AR
1308 2462 1581 2539 minor
1630 2486 1885 2564 quam
1918 2457 2219 2570 AQut
2272 2461 2494 2565 prius
2531 2463 2981 2543 ostensum:
3059 2463 3210 2543 crit

437 2624 721 2683 autem
770 2601 975 2680 ratio
1024 2598 1257 2703 spatii
1314 2600 1552 2677 ALH
1598 2597 1705 2675 ad
1750 2594 2019 2699 ipsum
2071 2598 2222 2675 AN
2273 2598 2552 2677 eadem
2601 2599 2900 2681 rationi
2947 2604 3209 2682 sedlae

444 2740 617 2818 RM
656 2739 761 2817 ad
808 2738 1064 2843 ipsa-m
1104 2738 1244 2814 EA
1278 2764 1487 2842 quae
1532 2734 1807 2813 minor
1856 2734 1965 2812 est
2010 2731 2324 2813 ratione
2369 2738 2629 2817 tetstae
2679 2736 2859 2849 Qll
2911 2738 3016 2819 ad
3064 2740 3208 2821 EA

442 2876 601 2957 hoc
640 2877 749 2956 est
786 2875 1097 2954 ration-e
1126 2874 1347 2954 data.

578 3016 677 3093 In
714 3014 949 3092 tertio
986 3011 1170 3095 casu
1206 3010 1295 3088 in
1332 3038 1499 3115 quo
1537 3006 1831 3087 sci-licet
1864 3006 2072 3087 ratio
2094 3008 2270 3087 ΒΜ
2307 3009 2412 3087 ad
2448 3011 2590 3089 EA
2615 3011 2891 3093 minor
2927 3012 3036 3091 est
3069 3040 3208 3093 ra-

433 3151 666 3231 tione
700 3153 852 3265 Q
892 3150 995 3229 ad
1022 3151 1191 3246 EA,
1230 3146 1817 3227 ostendendum
1852 3143 1967 3223 ,est
2002 3143 2215 3251 posse
2261 3146 2661 3228 rationem
2697 3148 2934 3254 spatii
2965 3150 3206 3233 ALH

441 3290 671 3395 quod
724 3288 1321 3367 incrementum

430 3427 559 3505 ‚est
582 3423 827 3531 ipfius
852 3426 1025 3521 AC,
1058 3423 1163 3501 ad
1198 3422 1329 3527 ip-

444 3564 628 3643 sum
674 3564 882 3662 AN,
942 3558 1332 3665 majore-m

444 3700 621 3782 fieri
667 3725 1155 3806 quacunque
1200 3725 1335 3773 ra-

444 3837 667 3919 tione
704 3837 893 3919 data
930 3862 1137 3941 quae
1172 3832 1333 3911 mi-

446 4001 601 4054 nor
645 3974 755 4053 est
800 3973 1111 4052 ratione
1163 3970 1338 4084 QB

444 4112 553 4190 ad
601 4113 781 4191 EA:
848 4108 943 4189 fit
976 4110 1171 4189 haec
1210 4136 1342 4187 ra-

442 4248 563 4326 tio
589 4248 779 4327 data
804 4276 895 4327 ea
912 4274 1166 4354 quam
1190 4246 1334 4325 ha-

436 4384 586 4471 bet
634 4388 779 4467 RB
831 4386 938 4465 ad
986 4386 1155 4482 EA,
1230 4382 1341 4465 ost

444 4521 701 4630 igit-ur
738 4524 875 4603 RB
896 4522 1175 4601 minor
1198 4519 1666 4635 quam·Q,
1696 4548 1947 4628 quare
1974 4544 2059 4605 ot
2083 4524 2240 4613 ΒΑ
2263 4524 2545 4613 minor
2563 4524 2688 4614 «est
2723 4552 2974 4633 quam
3005 4524 3196 4640 Q,

1731 4661 1821 4739 H
1872 4684 1917 4739 2
2853 4678 2855 4681 ⁴

2199 3374 2268 3437 N
2467 3376 2534 3439 G
2881 3378 3106 3443 LK
