4109 5609
518 777 3134 1054 PORISMATIBUS.

467 1608 1003 1826 ITHEO
1022 1717 1385 1804 REMA
1427 1717 1539 1800 est
1582 1712 2074 1826 Propofitio
2050 1744 2144 1798 ιιι
2179 1745 2342 1830 qua
2379 1719 2692 1826 aliquid
2729 1725 3215 1832 proponitur

458 1855 1209 1960 demonstrandum.
1546 1906 1555 1915 ·

596 1999 700 2080 ΙΙ.
746 1994 1169 2076 Problema
1202 1993 1313 2075 est
1346 1989 1836 2110 Propofitio‘
1816 2021 1907 2074 m
1940 2021 2107 2104 qua
2143 1994 2456 2102 aliquid
2491 1998 2978 2105 proponitur
3011 2027 3214 2084 con-

468 2132 967 2234 struendum,
1018 2133 1145 2212 vel
1178 2130 1793 2214 inveniendum.

596 2273 737 2352 ΙΙΙ.
796 2273 1137 2370 Datum,
1186 2267 1344 2349 five
1377 2267 1815 2376 Propofitio
1850 2267 1948 2347 de
1984 2269 2224 2369 datis„
2273 2271 2388 2352 est
2421 2271 2927 2355 Theorema
2907 2271 2996 2356 ιιι
3044 2305 3212 2386 quo

462 2409 947 2515 proponitur
978 2407 1519 2488 demonstrare
1566 2405 1879 2514 aliquid
1924 2407 2216 2504 datum
2263 2408 2409 2488 effe
2461 2403 2940 2515 (secundum
2981 2415 3213 2498 Defi-

457 2545 811 2626 nitiones
856 2547 1265 2625 Datorum
1308 2543 1703 2656 Euclidis)
1756 2544 1979 2651 quod
2014 2544 2504 2650 propofit'am
2541 2551 2960 2654 quandam
3003 2555 3215 2634 rela-

458 2683 775 2764 tionem
810 2681 1054 2762 habet
1090 2681 1194 2760 ad
1228 2709 1319 2760 ea
1354 2707 1563 2787 quae
1598 2708 1695 2759 ex
1729 2680 2150 2788 hypothesi
2185 2683 2375 2762 data
2411 2683 2622 2767 sunt.

594 2823 911 2900 Datum
934 2818 1181 2898 etiam
1205 2817 1297 2896 in
1320 2817 1585 2896 forma
1607 2817 2139 2898 -Problematis
2167 2820 2574 2900 enuntiari
2599 2819 2943 2927 potest,fi
2969 2826 3216 2907 nimi-

462 2985 651 3036 rum
686 2985 779 3037 ea
813 2982 1021 3062 quae
1054 2953 1245 3033 data
1282 2951 1429 3033 effe
1464 2953 2092 3034 demonstranda
2122 2956 2339 3055 sunt,
2389 2956 2878 3039 invenienda
2912 2989 3214 3069 propo-

466 3113 793 3177 nantur.
900 3091 1149 3205 Qod
1182 3088 1241 3168 fi
1276 3089 1446 3190 fiat,
1498 3091 2074 3170 demonstratio
2109 3092 2330 3192 Dati,
2378 3113 2474 3172 ut
2520 3095 2972 3178 Theorema
3018 3121 3214 3206 pro·-

464 3229 723 3338 pofiti,
772 3223 1141 3336 Analyfis
1188 3227 1343 3306 erit
1380 3227 1952 3325 Problematis3
2029 3227 2516 3333 Compositio
2559 3252 2839 3312 autern
2883 3231 3216 3345 Analyfi

464 3367 945 3475 respondens
978 3365 1133 3445 erit
1168 3363 1675 3445 Construffio
1709 3385 1789 3442 et
1822 3365 2417 3446 Demonstratio
2452 3368 3007 3454 ProblematiS.

598 3503 1023 3618 Qoniam
1067 3499 1319 3607 Pappi
1376 3482 1749 3580 definitio
1796 3499 2256 3582 Porismatis
2317 3502 2566 3583 nimis
2628 3507 3018 3614 generalis
3067 3507 3205 3611 est,

466 3639 639 3721 vice
676 3639 844 3744 ejus
880 3635 975 3717 fit
1011 3639 1234 3736 haec,
1286 3637 1448 3720 viz.

598 3777 745 3858 IV.
814 3773 1165 3854 Porisma
1202 3773 1309 3852 est
1356 3767 1789 3880 Propofitio
1824 3773 1913 3852 in
1944 3767 2114 3880 qua
2152 3777 2634 3882 proponitur
2669 3778 3214 3864 demonstrare

458 3913 1065 4019 rem-aliquam,
1113 3911 1240 3990 vel
1276 3910 1545 4015 plures
1581 3911 1807 3989 datas
1846 3908 2020 4011 effe,
2059 3912 2226 4013 cui,
2267 3914 2393 3992 vel
2427 3915 2760 4019 quibus,
2797 3937 2896 3996 ut
2929 3939 3006 3998 et
3032 3920 3212 3999 cui-

460 4050 661 4133 libet
696 4077 791 4130 ex
824 4049 1065 4128 rebus
1109 4045 1593 4146 innumeris,
1642 4073 1815 4126 non
1859 4047 2197 4153 quidem
2242 4048 2482 4149 datis,
2529 4049 2666 4131 sed
2713 4079 2920 4158 quae
2965 4056 3072 4135 ad
3119 4082 3212 4138 ea

462 4214 676 4295 quae
714 4185 906 4266 data
938 4182 1127 4264 sunt
1160 4181 1503 4264 eandem
1546 4182 1855 4265 habent
1896 4185 2399 4287 relationem,
2474 4189 2903 4272 convenire
2948 4192 3216 4274 osten-

468 4325 837 4410 dendum
860 4321 971 4402 est
1004 4317 1513 4404 affeetionem
1549 4320 1968 4430 quandam
2002 4349 2531 4406 communem
2563 4325 2654 4408 in
2677 4327 3216 4436 Propofitione

464 4461 971 4569 descriptam.

1720 4595 1777 4676 S
1824 4623 1863 4678 s
1912 4621 1961 4676 α
