4109 5609
1120 402 1303 483 nr.
1404 395 2614 483 PORISMATIBUS'.
3073 403 3233 505 481

476 623 568 703 in
606 627 708 705 K.
795 620 1271 735 Qoniam
1250 620 1507 729 igitur
1540 616 1881 698 inflexae
1916 618 2105 737 sunt
2136 618 2308 716 AC,
2349 618 2484 697 BC
2519 619 2623 697 ad
2659 616 3244 701 circumferen-

474 762 679 841 tiam
716 761 789 839 ei
825 761 1097 838 rursus
1134 778 1641 838 occurrentes
1680 757 1769 835 in
1802 759 1909 853 D,
1952 757 2044 853 E,
2111 777 2191 834 et
2235 756 2482 835 ducta
2530 757 2641 835 est
2675 758 2836 835 ΕΗ
2869 760 3243 863 parallela

472 895 619 1003 ipfi
652 900 827 995 AB,
874 919 957 975 et
978 896 1271 1000 juncsta
1302 896 1474 973 DH
1509 893 1859 973 occurrit
1896 892 2160 971 eidem
2205 893 2414 971 ΑΒ
2395 922 2484 971 111
2532 896 2638 993 K,
2691 892 2841 973 erit
2869 898 3242 975 ‘’rectan-
3283 931 3310 963 ι

472 1035 768 1142 gulum
804 1034 973 1131 BA,
1016 1034 1169 1111 AK
1206 1032 1535 1135 aequale
1572 1030 1763 1109 dato
1798 1030 2270 1135 rectangulo
2309 1032 2477 1127 CA,
2517 1032 2696 1113 AD.
2767 1034 2871 1110 Et
2906 1032 3097 1137 data
3134 1036 3245 1113 est

470 1174 615 1249 AB
656 1168 1037 1275 pofitione
1072 1189 1150 1247 et
1184 1167 1783 1275 magnitudine,
1834 1192 2086 1272 quare
2121 1166 2412 1245 datum
2448 1167 2556 1245 est
2591 1170 2994 1271 punctum
3031 1174 3138 1253 K.

608 1309 1019 1414 Jungatur
1052 1307 1186 1383 AF
1222 1304 1763 1409 occurratque'
1789 1303 2488 1383 circumferentiae
2523 1304 2610 1383 in
2637 1306 2962 1410 punctis
2988 1308 3087 1408 L,
3107 1310 3235 1408 M,

472 1466 552 1523 et
574 1445 869 1549 juncta
904 1444 1037 1521 BL
1076 1442 1341 1522 eidem
1374 1442 1647 1521 rursus
1686 1460 2057 1520 occurrat
2094 1440 2181 1518 in
2213 1442 2322 1540 N,
2349 1441 2640 1545 juncia
2677 1472 2864 1523 vero
2901 1446 3066 1523 ΒΜ
3093 1446 3240 1553 ipfi

472 1582 747 1661 rursus
786 1600 1157 1659 occurrat
1191 1578 1279 1657 in
1314 1581 1431 1675 O;
1472 1578 1875 1684 jungatur
1909 1577 2156 1656 etiam
2194 1579 2368 1655 KM
2409 1606 2616 1685 quae
2651 1579 3238 1664 circumferen-

470 1718 631 1797 tiae
665 1718 937 1803 rursus
985 1736 1355 1795 occurrat
1389 1715 1477 1793 in
1514 1718 1599 1813 P,
1652 1737 1729 1793 ct
1765 1716 1899 1793 ΡΝ
1927 1714 2352 1821 jungatur.
2447 1717 2866 1830 Qoniam
2901 1718 3158 1828 igitur
3193 1750 3242 1801 a

468 1854 796 1961 punctis
833 1857 937 1954 A,
969 1854 1033 1931 B
1068 1850 1408 1930 inflexae
1443 1850 1629 1931 sunt
1662 1853 1837 1949 AL,
1870 1853 2001 1929 BL
2043 1852 2146 1929 ad
2183 1851 2924 1935 circumferentiam
2959 1858 3032 1936 ei
3057 1886 3236 1959 rur-7

468 1992 603 2071 sus
640 2009 1147 2072 occurrentes
1183 1988 1272 2067 in
1308 1990 1434 2088 M,
1472 1990 1580 2087 N,
1633 2008 1709 2067 et
1745 1989 1853 2066 est
1888 1990 2456 2096 rectangulum
2493 1994 2663 2091 BA,
2703 1996 2858 2071 AK
2904 1994 3234 2099 aequale

474 2124 655 2235 (ipfi
692 2131 861 2227 CA,
888 2130 1072 2226 AD,
1112 2122 1267 2204 hoc
1305 2124 1445 2236 est)
1486 2126 1955 2231 rectangulo
1988 2127 2164 2223 LA,
2193 2128 2395 2225 AM,
2437 2149 2515 2207 et
2535 2128 2828 2233 juncia
2865 2132 3041 2209 KM
3080 2131 3232 2210 cir-

466 2264 1049 2346 cumferentiae
1108 2262 1381 2343 rursus
1428 2262 1779 2341 occurrit
1824 2262 1913 2339 in
1960 2266 2046 2361 P,
2121 2265 2334 2341 recta
2380 2267 2530 2344 ΡΝ
2589 2266 2966 2370 parallela
3013 2266 3162 2346 erit
3201 2276 3231 2313 3

471 2400 615 2507 ipsi
650 2405 820 2501 AB,
854 2422 929 2481 et
965 2420 1383 2505 propterea
1416 2402 1673 2479 rectae
1708 2400 1907 2497 HE;
1960 2400 2069 2479 est
2107 2399 2358 2507 igitur
2395 2400 3048 2483 circumferentia
3083 2406 3234 2485 ΗΡ

468 2538 616 2645 ipfi
652 2542 797 2618 EN
832 2536 1215 2644 aequalis,
1310 2540 1776 2645 Jungantur
1810 2538 2017 2635 MN,
2057 2538 2228 2635 LO,
2277 2558 2356 2615 et
2391 2538 2786 2645 quoniam
2823 2568 2870 2620 a
2904 2541 3232 2649 punctis

471 2676 575 2775 A,
628 2678 691 2754 B
740 2672 1080 2754 inflexae
1124 2673 1311 2753 sunt
1356 2676 1547 2772 AL,
1590 2673 1738 2750 BL
1790 2673 2485 2754 circumferentiae
2529 2676 2802 2759 rursus
2847 2678 2940 2757 in
2987 2682 3113 2780 M,
3153 2680 3234 2759 N

470 2832 1008 2912 occurrenteS,
1060 2810 1273 2890 rasta
1306 2812 1513 2909 NM,
1578 2839 1672 2889 ex
1708 2808 2155 2916 hypothesi,
2207 2810 2436 2891 datos
2476 2814 2927 2895 continebit
2960 2844 3229 2923 angu-

470 2952 589 3029 los
628 2977 823 3035 cum
856 2950 1069 3028 recta
1106 2948 1272 3024 ML
1310 2976 1517 3053 quae
1553 2945 1827 3026 tranfit
1876 2976 2015 3051 per
2062 2948 2350 3025 datum
2399 2952 2802 3053 punctum
2835 2954 2894 3028 F
2914 2984 2937 3049 3
3013 2974 3090 3031 et
3123 2949 3229 3029 fi-

472 3086 776 3165 militer
834 3084 1229 3191 quoniam
1274 3086 1377 3163 ab
1424 3084 1708 3163 iisdem
1754 3084 2078 3188 punctis
2126 3086 2229 3181 A,
2283 3086 2346 3161 B
2393 3082 2733 3165 inflexae
2777 3086 2964 3167 sunt
3017 3090 3224 3189 AM,

470 3226 637 3303 ΒΜ
673 3220 1367 3302 circumferentiae
1400 3220 1671 3299 rursus
1706 3220 1797 3299 in
1832 3221 1929 3319 L,
1970 3223 2045 3299 O
2083 3243 2620 3321 occurrentes,
2647 3224 2864 3305 recta
2897 3226 3042 3305 OL
3080 3226 3230 3304 da-

470 3384 595 3441 tos
644 3357 1097 3439 continebit
1144 3358 1483 3467 angulos
1530 3385 1725 3437 cum
1770 3358 1985 3437 recta
2046 3358 2228 3434 LM
2278 3386 2485 3463 quae
2531 3386 2674 3463 per
2717 3364 3122 3465 punctum
3170 3366 3228 3440 F

469 3495 774 3577 tranfit.
894 3493 1314 3607 Qoniam
1360 3494 1615 3601 igitur
1660 3494 1895 3571 datus
1944 3494 2055 3572 est
2101 3496 2448 3602 angulus
2497 3496 2654 3575 ΕΙ)
2671 3498 2755 3595 F,
2831 3518 2912 3577 et
2963 3498 3228 3579 eidem

468 3636 663 3712 dato
710 3633 1013 3739 angulo
1058 3630 1414 3736 aequalis
1438 3632 1560 3709 est
1606 3630 1953 3738 angulus
2000 3632 2265 3730 NMF,
2331 3652 2427 3710 ut
2473 3650 2552 3712 et
2596 3635 2945 3742 angulus
2992 3638 3222 3735 OLF,

473 3790 713 3851 erunt
749 3790 905 3847 tres
944 3767 1636 3847 circumferentiae
1672 3769 1851 3867 GE,
1878 3768 2058 3868 LN,
2089 3771 2290 3869 ΜΟ,
2326 3769 2628 3875 quibus
2665 3770 3062 3874 insistunt,
3091 3773 3226 3853 in·-

472 3930 594 3987 ter
628 3904 705 3985 se
740 3903 1133 4009 aequales·

608 4180 705 4257 In
740 4176 927 4258 casu
968 4196 1245 4275 autem
1290 4176 1381 4256 in
1429 4206 1595 4283 quo
1638 4178 1852 4258 resta
1888 4180 2038 4291 ‚AB
2089 4180 2391 4261 circulo
2437 4180 2816 4281 occurrit,
2865 4180 2924 4261 fi
2960 4210 3224 4289 punc-

471 4340 659 4434 tum
690 4316 799 4414 D,
852 4315 975 4394 vel
1008 4315 1138 4412 M,
1188 4313 1315 4393 vel
1358 4314 1425 4393 L
1474 4314 1718 4395 fuerit
1766 4314 1855 4395 in
1900 4316 2313 4425 segmento
2360 4317 2676 4399 minore
2723 4348 2771 4400 a
2816 4322 3030 4401 reeta
3076 4320 3222 4397 AB

1690 4454 1983 4575 Ppp

3377 950 3423 995 r.
3449 950 3552 1009 55.
