4109 5609
910 422 1076 501 410
1526 397 1711 475 DE
1814 394 3028 481 PORISMATIBUS.

912 616 1229 716 Pappus
1267 612 1411 691 has
1448 610 2021 717 Propofitiones
2064 634 2468 755 tanquam
2499 612 2844 695 diversas
2883 612 3305 727 εταάὲάετίε
3343 638 3512 693 non
3545 612 3670 693 fa·

916 748 1065 827 cile
1103 748 1211 827 est
1246 748 1635 831 divinare

1792 956 1849 1031 P
1919 956 1991 1031 R
2061 956 2136 1033 O
2206 957 2289 1037 P.
2430 954 2776 1035 XXVII.

915 1090 1141 1167 Haec
1179 1088 1292 1165 est
1324 1084 1696 1191 ipfiffima
1735 1088 1983 1194 Pappi
2021 1094 2250 1195 Prop.
2302 1116 2480 1193 142.
2529 1111 2608 1169 et
2645 1088 3006 1169 continet
3043 1089 3285 1167 aliam
3323 1088 3664 1168 demon-

1807 1225 2274 1305 strationem
2309 1228 2542 1333 Prop.
2591 1253 2622 1303 ι
2639 1224 2776 1331 36.

920 1432 978 1475 ‘⁶
1028 1430 1155 1509 IN
1192 1428 1397 1509 duas
1432 1430 1685 1509 redias
1722 1430 1971 1509 lineas
2007 1432 2184 1530 AB,
2219 1432 2392 1529 AC,
2441 1430 2849 1513 ducantur
2895 1430 3000 1511 ab
3049 1428 3330 1509 eodan
3365 1430 3669 1533 punQQ

922 1571 981 1608 “
1030 1568 1108 1645 D
1146 1566 1352 1667 duae
1387 1566 1644 1645 recilae
1680 1566 1936 1645 lineae
1970 1568 2150 1666 DB,
2189 1570 2364 1666 DE,
2418 1588 2495 1647 et
2529 1567 2624 1647 in
2665 1564 2846 1671 ipfis
2896 1566 3322 1645 finnantur
3369 1566 3676 1669 punita

920 1706 985 1744 “*
1030 1702 1143 1801 G,
1182 1704 1313 1799 H3
1388 1699 1642 1807 fitque
1676 1724 1770 1782 ut
1806 1704 2374 1809 tetstangulum
2413 1703 2595 1801 EG,
2636 1706 2768 1783 FD
2817 1702 2922 1782 ad
2967 1701 3236 1807 ipsu-m
3281 1702 3456 1799 ED,
3497 1702 3668 1799 GF,

919 1843 979 1881 “
1028 1838 1141 1917 ita
1176 1838 1745 1944 restangulum
1780 1841 1963 1937 BH,
2004 1841 2156 1919 CD
2184 1840 2290 1919 ad
2323 1840 2592 1945 ipsum
2625 1841 2798 1937 BD,
2837 1840 3020 1921 HC.
3114 1837 3320 1918 Dico
3365 1840 3674 1921 ream

922 1979 979 2019 ‘²‘
1031 1976 1333 2055 lineam
1368 1972 1515 2069 effe
1553 2003 1759 2079 quae
1794 2002 1937 2082 per
1970 1978 2076 2075 A,
2115 1976 2229 2075 G,
2267 1978 2356 2057 H
2392 1978 2696 2083 pumfih
2731 1970 3084 2058 tranfit.”

1052 2250 1425 2327 Ducatur
1458 2274 1600 2352 per
1634 2248 1713 2326 G
1752 2244 1899 2354 ipfi
1936 2249 2082 2327 BD
2117 2250 2490 2354 parallela
2515 2244 3470 2351 KL,0cc·u1·ratqueipfis
3495 2249 3666 2347 AB
3665 2320 3674 2327 ,
3729 2308 3735 2314 .

920 2382 1119 2463 AC
1100 2410 1191 2461 m
1226 2386 1333 2481 K,
1371 2384 1471 2465 L.
1540 2386 1823 2489 Itaque
1860 2384 2254 2489 quoniam
2290 2386 2400 2465 est
2433 2405 2532 2467 ut
2563 2386 3134 2492 reaangulum
3163 2382 3348 2481 EG,
3386 2384 3522 2463 FD
3567 2378 3671 2463 ad

921 2518 1192 2624 ipsum
1226 2520 1399 2619 ED,
1438 2520 1609 2618 GF,
1658 2519 1773 2599 ita·
1805 2508 2372 2627 restangulum
2409 2523 2596 2621 BH,
2635 2522 2780 2603 CD
2811 2521 2918 2603 ad
2951 2518 3226 2631 ipsum
3255 2519 3434 2619 BD,
3467 2518 3671 2617 GH,

922 2654 1133 2733 ratio
1167 2676 1444 2735 autem
1476 2654 1929 2763 refianguli
1961 2656 2144 2755 EG,
2173 2658 2308 2737 FD
2340 2656 2444 2739 ad

922 2790 1191 2897 ipsum
1216 2792 1389 2891 ED,
1420 2792 1563 2873 GF
1591 2788 2022 2897 compofita
2057 2792 2166 2871 est
2191 2819 2287 2875 ex
2310 2820 2448 2872 ra-
3146 2774 3215 2835 D

924 2928 1147 3009 tione
1182 2954 1436 3033 qua-m
1472 2928 1716 3007 habet
1749 2928 1903 3007 GE
1936 2928 2043 3007 ad
2077 2930 2254 3027 ED,
2291 2928 2448 3011 hoc
2935 2958 2990 3018 B
3360 2954 3416 3019 1¹·
3599 2916 3668 2999 ι

927 3064 1040 3143 est
1062 3064 1371 3147 ratione
1396 3066 1557 3146 KG
1582 3064 1691 3143 ad
1714 3066 1887 3163 BD,
1916 3084 1995 3143 et
2019 3091 2116 3143 ex
2137 3064 2450 3147 ratione
2797 3078 2858 3145 Η
3477 3086 3543 3146 G

928 3228 1183 3306 quam
1216 3200 1461 3281 habet
1484 3204 1621 3281 DF
1650 3201 1756 3280 ad
1780 3201 1949 3299 FG,
1990 3200 2145 3281 hoc
2173 3200 2282 3281 est
2315 3228 2450 3281 ra·-
3155 3162 3215 3227 A
3267 3216 3329 3291 K

927 3336 1146 3417 tione
1182 3339 1325 3417 CD
1360 3337 1466 3417 ad
1500 3339 1695 3435 GL3
1748 3356 1846 3417 'et
1880 3336 2090 3415 ratio
2129 3338 2448 3419 reaan-
2559 3318 2644 3385 ⁶
3621 3376 3680 3441 Ε
3808 3330 3811 3332 ’

924 3474 1101 3581 guli
1150 3476 1348 3572 BH,
1386 3474 1541 3553 CD
1589 3474 1697 3551 ad
1738 3472 2005 3599 ipsum
2050 3473 2238 3573 BD,
2279 3476 2448 3555 CH

928 3608 1363 3715 composita
1387 3610 1615 3689 estex
1638 3609 1947 3689 ratione
1970 3612 2126 3689 ΗΒ
2151 3610 2258 3691 ad
2275 3613 2452 3711 BD,
3173 3554 3233 3617 A
3708 3590 3717 3597 ’

930 3764 1007 3823 et
1042 3772 1133 3823 ex
1168 3745 1477 3825 ratione
1512 3747 1657 3825 DC
1692 3745 1797 3825 ad
1830 3747 1988 3825 CH
2006 3779 2031 3845 3
2071 3746 2225 3829 erit
2245 3747 2457 3829 ratio
2881 3825 2944 3888 K
2976 3695 3334 3882 Ah

744 3984 753 3993 ·
928 3878 1361 3986 compofitai
1418 3906 1513 3963 ex
1556 3882 1865 3998 ratione
1910 3881 2075 3961 KG
2121 3884 2224 3963 ad
2273 3884 2450 3983 BD,
3184 3885 3332 3955 *⁴1³

926 4036 1005 4095 et
1028 4017 1338 4099 ratione
1364 4021 1507 4101 CD
1532 4020 1636 4099 ad
1660 4019 1813 4099 GL
1836 4018 2122 4099 eadem
2143 4020 2216 4099 ei
2243 3889 3355 4249 (11136131ιο

925 4154 1355 4261 compofita
1381 4156 1489 4235 est
1515 4184 1607 4235 ex
1630 4155 1938 4235 ratione
1962 4157 2119 4234 ΗΒ
2147 4158 2250 4236 ad
2265 4159 2438 4257 BD,
2627 4156 2638 4163 ’
3127 4182 3196 4247 Η
3487 4184 3558 4248 D

922 4310 1005 4369 et
1036 4292 1347 4373 ratione
1388 4294 1534 4371 Dc
1578 4292 1693 4371 ad
1739 4293 1931 4377 CH.
2032 4293 2193 4385 Sed
2231 4294 2442 4379 ratio

928 4430 1091 4509 KG
1151 4428 1254 4511 ad
1300 4432 1443 4511 BD
1492 4426 1923 4563 compofita
1969 4430 2080 4513 est
2126 4457 2220 4559 eu
2261 4432 2576 4516 ratione
2623 4435 2784 4515 KG
2833 4436 2940 4515 ad
2984 4438 3176 4537 ΗΒ,
3235 4459 3314 4521 et
3357 4437 3670 4521 ratione
