4109 5609
866 397 1028 527 2ξὸ
1234 395 1409 478 DE
1466 391 2173 477 SECTIONE
2235 393 3294 478 DETERMINATA

866 644 1135 724 quum
1170 615 1283 716 G,
1348 614 1575 722 quod
1620 613 1761 695 fiet
1804 640 1953 720 ope
1999 616 2234 720 Prop.
2273 638 2324 717 5
2331 638 2412 718 5.
2477 613 2572 694 in
2615 643 2784 720 qua
2827 615 3278 696 ostenditur
3315 618 3670 721 punffl‘

867 752 1015 860 ipfi
1050 756 1119 837 E
1153 753 1559 860 propiora,
1594 773 1695 832 ut
1720 755 1814 852 F,
1852 753 2270 834 minorem
2301 750 2564 832 facere
2597 752 2998 832 rationem
3030 754 3486 860 reaangufi
3515 755 3630 834 ad

868 892 1368 998 quadratum
1400 916 1657 996 quam
1690 891 1993 996 punfia
2034 885 2500 988 remotiora,
2547 909 2648 968 ut
2689 891 2810 988 A,
2883 889 3140 997 igitur
3182 889 3392 969 ratio
3437 865 3634 970 dota

862 1001 1317 1138 rofflnguli
1355 1029 1509 1126 EF,
1550 1024 1675 1106 FB
1720 1025 1827 1105 ad
1872 1025 2373 1133 quadratum
2403 1051 2502 1106 ex
2535 1025 2680 1104 FG
2715 1025 2990 1108 minor
3022 1027 3264 1108 debet
3307 1023 3458 1106 effe
3477 1033 3631 1106 'ra-

856 1165 1091 1246 -tione
1116 1164 1575 1272 redtanguli
1612 1164 1782 1263 EA,
1820 1165 1964 1242 AB
2001 1163 2110 1242 ad
2131 1162 2639 1270 quadra-tum
2667 1188 2769 1244 ex
2799 1163 2994 1246 AG.

1007 1304 1213 1384 CAs.
1236 1329 1327 1408 3.
1365 1300 1725 1414 Qando
1758 1299 2049 1380 datum
2083 1299 2349 1404 majus
2387 1299 2498 1380 est
2529 1300 2932 1408 quadrato
2965 1325 3062 1379 ex
3092 1297 3250 1380 GC
3283 1297 3634 1380 dimidio

862 1436 1117 1545 ipfius
1152 1440 1340 1537 AC,
1412 1435 1513 1518 fit
1546 1437 1837 1516 datum
1868 1438 2204 1543 aequale
2235 1436 2638 1544 quadrato
2671 1462 2768 1517 ex
2801 1438 2954 1518 GC
2987 1463 3158 1516 una
3185 1461 3388 1516 cum
3421 1465 3637 1543 qua-

862 1575 1105 1656 drato
1142 1603 1246 1654 ex
1292 1575 1515 1672 GH,
1576 1594 1667 1654 et
1710 1572 2110 1680 quoniam
2145 1575 2724 1685 rofiangulum
2766 1575 2930 1674 AF,
2982 1575 3107 1653 FC
3151 1569 3390 1652 fimul
3437 1600 3635 1656 cum

861 1712 1289 1820 quadratis
1336 1738 1432 1792 ex
1478 1711 1650 1811 GF,
1688 1711 1867 1790 GH
1912 1711 2248 1817 aequale
2281 1711 2406 1793 est
2449 1712 2848 1822 quadrato
2886 1737 2990 1792 -ex
3023 1711 3198 1791 GC·
3219 1736 3390 1790 una
3435 1737 3642 1792 cum.

873 1849 1272 1956 quadrato
1298 1875 1405 1928 ex
1424 1847 1645 1947 GH,
1680 1847 1838 1929 hoc
1868 1847 1989 1926 est
2018 1847 2243 1949 dato,
2283 1849 2438 1932 erit

874 1985 2439 2093 quadratumexGFunacumeo-ex
2572 2025 2652 2104 A
2761 1981 2772 1990 ⁰
3017 2023 3392 2102 GHFE
3454 2025 3632 2103 BC

864 2122 1053 2203 ‘GH
1087 2123 1175 2201 id
1224 2123 1328 2203 ad
1374 2119 1599 2228 quod
1640 2123 2220 2232 redtangulum
2279 2125 2432 2225 EF,

870 2261 999 2339 FB
1035 2261 1315 2338 datam
1350 2259 1598 2338 habet
1620 2258 2031 2340 rationem
2062 2292 2086 2358 ς
2161 2281 2240 2338 et
2281 2259 2430 2340 da-

866 2417 1061 2476 ·tum
1108 2397 1219 2478 est
1266 2397 1763 2502 quadratu-m
1789 2422 1895 2476 ex
1927 2397 2132 2494 GH,
2181 2395 2442 2504 igitur
2487 2395 2984 2504 quadratum
3031 2421 3126 2474 ex
3171 2395 3317 2474 GF
3351 2394 3630 2475 minus

864 2534 989 2614 est
1020 2535 1489 2640 retstangulo
1526 2533 1678 2631 EF,
1710 2534 1833 2610 FB
1858 2533 2082 2633 dato,
2111 2559 2368 2639 quam
2401 2533 2494 2614 in
2526 2534 2880 2630 ratione3
2921 2559 3198 2638 quare,
3229 2559 3371 2638 per
3395 2535 3628 2636 Prop.

884 2696 1012 2775 14.
1048 2672 1235 2752 Dat.
1284 2669 1850 2776 re&angulum
1884 2671 2037 2768 EF,
2079 2670 2202 2749 FB
2249 2670 2514 2775 majus
2563 2671 2676 2750 est
2723 2671 3122 2776 quadrato
3169 2697 3266 2748 ex
3295 2669 3444 2748 GF
3481 2669 3634 2748 da-

868 2827 987 2908 te,
1018 2833 1275 2914 quam
1309 2806 1400 2886 in
1432 2806 1768 2888 ratione.
1838 2805 2145 2907 Primo,
2171 2801 2329 2886 fint
2364 2809 2667 2913 pumsta
2705 2809 2799 2906 E,
2830 2809 2895 2886 B
2929 2807 3144 2887 inter
3175 2805 3346 2914 ipsa
3371 2807 3484 2906 G,
3517 2807 3582 2884 C
3599 2839 3626 2904 ς

860 2944 1083 3026 datis
1131 2943 1387 3053 igitur
1430 2942 1521 3022 in
1574 2943 1793 3024 recta
1840 2943 2053 3024 linea
2095 2943 2360 3026 tribus
2405 2944 2732 3050 pumffis
2779 2943 2892 3044 G,
2943 2945 3038 3043 E,
3088 2944 3155 3021 B
3203 2941 3632 3024 invenien-

868 3081 1085 3160 dum
1118 3082 1227 3159 est
1264 3100 1653 3186 quartum
1688 3081 1745 3158 F
1778 3079 1992 3161 inter
2024 3080 2226 3162 Get
2259 3082 2330 3160 E
2363 3083 2592 3188 quod
2613 3081 2854 3162 faciet
2877 3081 3446 3190 restangulum
3471 3081 3626 3179 EF,

872 3219 998 3298 FB
1036 3245 1083 3296 a
1118 3216 1551 3326 segmentis
1596 3217 1809 3298 inter
1841 3217 2112 3324 ipsum
2147 3237 2228 3300 et
2271 3218 2440 3299 duo
2476 3219 2784 3325 punCta
2819 3219 2914 3317 E,
2952 3219 3019 3296 B
3057 3245 3268 3324 quae
3299 3216 3490 3298 sunt
3523 3217 3632 3296 ad

874 3353 1188 3434 easdem
1236 3354 1405 3459 ejus
1443 3373 1706 3459 partes
1744 3354 2008 3459 majus
2059 3355 2458 3464 quadrato
2494 3383 2590 3436 ex
2625 3357 2768 3436 GF
2803 3355 3216 3464 segmento
3250 3353 3466 3434 inter
3497 3353 3630 3459 ip-

874 3491 1055 3572 sum
1090 3511 1167 3571 et
1202 3491 1613 3597 reliquum
1646 3493 2051 3597 punemm
2076 3493 2159 3574 G
2185 3491 2406 3593 date,
2435 3519 2690 3602 quam
2721 3492 2816 3572 in
2845 3491 3188 3592 ratione,
3224 3490 3452 3597 quod
3487 3489 3628 3571 fiet

870 3655 1025 3737 ope
1058 3631 1289 3732 Prop.
1323 3631 1454 3736 78.
1492 3629 1743 3734 partis
1780 3628 2082 3734 seilicet
2125 3627 2296 3734 ejus
2344 3655 2411 3714 1.
2527 3629 2931 3729 Secundo,
2977 3625 3078 3709 fit
3117 3629 3525 3736 punCtum
3560 3629 3628 3706 B

872 3762 1087 3843 inter
1110 3764 1187 3843 G
1220 3785 1299 3844 et
1323 3768 1417 3865 C,
1438 3751 1843 3870 pund‘tum
1867 3791 2057 3846 vero
2081 3765 2150 3846 E
2173 3763 2408 3866 inG3

870 3899 1085 3982 datis
1134 3901 1389 4009 igitur
1432 3901 1756 3984 duobus
1798 3903 2130 4009 punffis
2178 3904 2291 4003 G,
2343 3904 2410 3984 B
2547 3882 2628 3960 A
2841 3881 2903 3960 F
3015 3879 3099 3958 G
3137 3881 3268 3960 Η·
3356 3878 3423 3956 Β
3557 3877 3626 3958 C

871 4035 1461 4118 inveniendum
1498 4039 1607 4119 est
1642 4039 1977 4120 tertium
2018 4042 2077 4121 F
2123 4039 2216 4122 in
2259 4041 2410 4122 BG
3021 4069 3090 4146 Ε

870 4174 1265 4281 Ρτοάιιᾶει
1300 4175 1526 4282 quod
1560 4176 1802 4257 faciet
1835 4179 2408 4286 reikangulum

872 4311 1026 4411 EF,
1068 4312 1217 4412 FB,
1276 4309 1437 4392 five
1472 4313 1641 4414 GF,
1682 4314 1834 4413 FB,
1898 4314 2060 4420 maj
2071 4343 2164 4426 os
2201 4314 2600 4421 quadrato
2637 4341 2730 4394 ex
2765 4313 2904 4392 FG
2954 4313 3366 4421 segmento
3411 4309 3623 4392 inter

871 4446 1139 4560 ipsum
1172 4470 1251 4531 et
1282 4451 1687 4556 punfizum
1722 4451 1805 4532 G
1842 4450 1915 4532 ei
1948 4451 2282 4560 propius
2317 4451 2538 4553 dato,
2589 4477 2842 4559 quam
2877 4451 2966 4530 in
3000 4450 3339 4547 ratione,
3391 4450 3620 4556 quod
