4109 5609
1060 432 1243 513 DE
1340 423 2518 511 LOGARITHMTS.-
3049 452 3166 535 3¹¹

534 648 714 736 Sint
748 654 903 752 EF,
930 650 1111 751 EG,
1142 650 1289 729 EN
1323 644 1797 755 legarithmi
1830 612 2366 729 umerorum
2399 645 2497 746 Β,
2527 644 2622 744 C,
2649 644 2790 739 M}
2837 662 3160 753 et‘quo-

397 794 627 873 niam
660 790 965 889 unitas,
1013 786 1151 869 seu
1182 789 1287 886 A,
1327 784 1441 866 est
1472 784 1579 863 ad
1613 782 2120 889 quotientem
2153 786 2281 885 M,
2319 802 2416 865 ut
2449 780 2751 863 divisor
2783 782 2850 863 C
2883 782 2992 865 ad
3023 781 3160 863 di-

398 929 852 1008 videndum
889 928 983 1026 Β,
1034 923 1186 1003 erit
1216 920 1427 1006 ratio
1449 922 1546 1003 M
1572 920 1679 1001 ad
1700 920 1779 1019 A

403 1064 685 1147 eadem
716 1062 1028 1144 ratione
1061 1062 1128 1139 B
1174 1058 1280 1141 ad
1326 1061 1418 1144 C.
1522 1058 1787 1167 Igitur
1918 1037 1999 1115 A
2248 1035 2348 1113 Μ
2401 1136 2414 1147 ,
2554 1033 2621 1112 C
2954 1144 2965 1151 .
3041 1034 3112 1113 B

405 1199 945 1310 logarithmus
996 1195 1335 1279 rationis
1380 1197 1479 1277 M
1524 1196 1635 1277 ad
1674 1196 1780 1295 A,
1938 1164 3156 1213 ..........·.....-.·...-....-...·...

404 1338 562 1419 hoc
606 1338 719 1417 est
761 1334 1003 1443 ipfius
1050 1337 1149 1415 M
1195 1332 1551 1441 aequalis
1596 1330 1779 1431 erit,
1920 1304 1988 1383 E
2263 1304 2344 1383 N
2547 1303 2634 1467 'G
3049 1304 3160 1483 10³-

403 1502 549 1583 per
588 1477 820 1579 Prop.
872 1500 940 1555 ι.
986 1494 1128 1553 aut
1166 1498 1242 1579 3.
1288 1468 1786 1580 logarithmo

405 1609 743 1693 rationis
782 1612 845 1688 Β
882 1608 986 1689 ad
1020 1611 1115 1709 C,
1165 1608 1320 1690 hoc
1358 1608 1493 1708 est,
1546 1602 2037 1714 [Prop.11.]
2073 1602 2222 1712 ipfi
2254 1606 2425 1691 GF.
2529 1608 2666 1691 Est
2695 1630 2972 1693 autem
3016 1608 3164 1695 GF

406 1746 751 1831 exceffus
786 1744 1027 1853 ipfius
1065 1746 1221 1846 EF,
1268 1744 1425 1825 hoc
1472 1744 1583 1824 est
1624 1741 2104 1853 logarithnfl
2145 1743 2568 1829 dividendi
2611 1748 2680 1829 B
2723 1747 2966 1857 supra
3007 1727 3176 1839 EG-

406 1884 999 1995 logarithmum
1032 1880 1399 1963 divisoris
1436 1881 1530 1964 C.

544 2022 668 2103 Sit
690 2042 969 2101 autem
1001 2017 1302 2099 divisor
1336 2019 1403 2099 C
1437 2015 1699 2122 major
1728 2014 2174 2099 dividendo
2207 2018 2316 2112 133
2365 2018 2618 2129 igitur
2651 2018 3028 2129 quotiens
3059 1968 3178 2101 M‘

406 2159 687 2240 minor
716 2157 870 2239 erit
903 2156 1245 2257 unitate,
1293 2176 1373 2235 et
1405 2154 1625 2235 cadit
1657 2155 1756 2235 M
1790 2152 1897 2235 ad
1932 2155 2372 2237 contrarias
2409 2177 2672 2264 partes
2705 2160 2786 2238 A
2816 2144 2925 2239 dd
2957 2184 3164 2266 quas

410 2297 527 2379 est
558 2298 669 2389 Β,
647 2327 665 2344 ·
742 2294 895 2377 erit
938 2314 1211 2375 autem
1257 2294 1407 2373 EN
1448 2289 1989 2402 logatithmus
2033 2289 2278 2401 ipfius
2311 2295 2410 2377 M
2443 2294 2800 2402 aequalis
2833 2296 2978 2379 FG
3023 2322 3166 2377 ex-

416 2431 658 2515 ceffui
692 2432 845 2511 EG
891 2428 1371 2541 lbgarithmi
1412 2427 1783 2511 divisoris
1816 2428 1885 2509 C
1914 2428 2157 2535 supra
2189 2430 2258 2511 E
2307 2430 2922 2539 logarithmum
2941 2429 3166 2519 divi-

410 2569 665 2655 dendi
698 2571 792 2651 B.
860 2566 1283 2683 Qoniam
1312 2564 1539 2647 enim
1570 2566 1687 2649 est
1714 2563 2015 2667 unitas,
2052 2566 2190 2647 stu
2217 2570 2326 2668 A,
2363 2568 2486 2651 ad-
2503 2569 3012 2677 quatientem
3031 2572 3185 2673 M

416 2729 514 2788 ut
565 2704 871 2787 divisor
915 2706 983 2785 C
1032 2702 1137 2785 ad
1186 2701 1727 2783 dividendum

416 2847 512 2945 B,
576 2842 730 2923 erit
773 2840 981 2923 ratio
1025 2842 1127 2921 M
1171 2838 1278 2919 ad
1318 2842 1399 2920 A
1441 2838 1725 2921 eadem
1862 2816 1963 2895 M
2044 2936 2091 2943 --
2191 2820 2270 2898 A
2317 2848 2328 2861 '
2591 2820 2658 2901 Β
3027 2821 3125 2903 c:

418 2979 717 3065 rationi
752 2980 817 3059 B
862 2978 971 3059 ad
1014 2978 1081 3059 C
1096 3011 1120 3077 ς
1193 2976 1450 3085 igitur
1492 2976 1723 3087 loga·
1858 2940 3156 2999 “““““““““““““’““-·“““““’“··““-“““·
3209 3028 3213 3032 ,

418 3118 774 3200 rithmus
806 3114 1145 3195 rationis
1179 3114 1278 3193 M
1304 3112 1407 3193 ad
1433 3113 1537 3213 A,
1574 3112 1731 3199 hoc
1866 3088 1948 3169 N
2195 3090 2268 3169 Ε
2587 3092 2674 3173 Fr'
3011 3093 3122 3176 Gr*
3177 3092 3194 3105 ’

421 3254 535 3337 est
593 3251 921 3335 numeri
984 3252 1087 3331 M
1155 3249 1513 3357 aequalis
1582 3251 1735 3333 erit
2236 3225 3168 3274 ”““““““““““““-“““”“’““

426 3388 700 3500 [Prop.
748 3414 818 3473 1.
866 3409 1009 3470 aut
1044 3384 1165 3497 3.]
1211 3384 1708 3496 logarithmo
1746 3385 2088 3471 rationis
2132 3391 2197 3470 B
2245 3390 2354 3471 ad
2387 3393 2490 3494 C,
2537 3390 2704 3477 hoc
2739 3394 2854 3479 est
2897 3390 3171 3507 [Pl-op.

436 3555 467 3609 1
492 3556 523 3609 1
539 3525 601 3637 .]
640 3525 791 3636 ipfi
820 3526 991 3610 FG.
1060 3522 1485 3638 Qoniam
1519 3550 1707 3605 vero
1738 3526 1841 3607 M
1874 3526 1985 3607 est
2016 3526 2293 3611 mium:
2323 3529 2662 3633 unitate,
2701 3530 3198 3645 logatithmi

396 3668 615 3747 'vero
672 3664 765 3747 in
809 3660 1111 3744 tabulis
1156 3680 1543 3768 aptantur
1583 3662 1949 3746 numeris
1992 3662 2144 3771 qui
2181 3663 2378 3747 fiant
2417 3667 2758 3775 majores
2801 3671 3120 3780 unitate
3139 3704 3192 3775 3·

421 3802 704 3911 igitur,
742 3800 833 3881 in
866 3797 1023 3881 hoc
1058 3816 1139 3881 et
1166 3794 1565 3878 similibus
1600 3794 1939 3900 cafibus,
1976 3826 2370 3883 numerus
2399 3804 2500 3885 Μ
2533 3806 2688 3889 erit
2717 3805 3174 3917 reciprocum

392 3936 749 4019 numeri
782 3934 1013 4043 cujus
1048 3932 1647 4044 legarithmus
1622 3962 1715 4015 1n
1748 3935 2053 4021 tabulis
2097 3938 2208 4021 est
2251 3938 2422 4023 FG.
2521 3931 2753 4025 Idem‘
2793 3946 3033 4031 enim
3059 3948 3176 4033 est

426 4072 968 4185 logarithmus
1003 4071 1351 4178 cujusvis
1386 4070 1711 4151 numeri
1744 4094 1823 4154 et
1857 4070 2025 4178 ejus
2071 4072 2484 4181 reciproci.

563 4212 670 4294 Et
702 4205 763 4292 fi
797 4237 847 4291 a
876 4206 1374 4318 logarithmo
1404 4208 1535 4289 EF
1566 4206 1991 4293 dividendi
2022 4210 2092 4293 Β
2125 4211 2542 4297 auferatur
2581 4212 2735 4311 EG
2777 4212 3175 4331 logan-ith-

428 4344 1021 4433 musdivisoris
1056 4346 1151 4447 C,
1184 4344 1843 4455 reliquuserit-
1766 4345 2047 4449 F-G,
2077 4376 2265 4459 qm,
2281 4346 3026 4511 figno-Q
3049 4382 3178 4439 m.

432 4486 651 4572 dicat
680 4508 1155 4588 numerum,
1184 4480 1419 4588 cujus
1454 4482 1565 4569 est
1586 4481 2166 4599 loganithmus,
2185 4485 2592 4585 nfimrem
2617 4487 2770 4589 effe
2810 4512 3172 4603 umm-
3147 4546 3176 4591 ‚
