4109 5609
906 392 913 397 ·
1036 400 1307 481 1:1113
1352 400 1543 482 ER
1656 398 2576 487 strennuus·
3031 430 3202 519 ιη

422 618 787 735 PQmaj
795 645 893 699 or
938 617 1037 700 fit
1079 618 1416 732 ratione,
1436 616 1791 699 minima
1832 618 1985 699 LK
2030 618 2138 699 ad
2181 622 2358 721 ΚΕ,
2429 619 2903 725 dividendo,
2973 623 3202 715 ratio,

426 758 753 873 OQa'd
788 756 937 871 Q
982 755 1245 862 major
1288 756 1441 837 erit
1485 756 1809 837 ratione.
1840 757 2007 856 LE,
2079 755 2236 838 hoe
2283 757 2410 837 est·.
2439 756 2682 865 ipfius
2730 758 2816 841 G
2861 758 2970 842 ad
3013 760 3202 859 EK,

426 898 717 1007 Igitur,
768 922 919 1001 per.
959 892 1623 999 compofitionem
1672 892 2198 975 Problematis
2243 894 2334 973 in
2369 897 2778 1005 Prop..47,
2823 896 3060 979 Datis
3093 898 3200 995 in.

426 1036 647 1114 meaa
690 1032 921 1112 linea·
952 1031 1217 1111 tribus
1265 1030 1589 1136 punffls
1636 1032 1734 1130 E,
1774 1032 1879 1129 B,
1905 1032 2013 1131 D,
2065 1050 2158 1109 et„
2187 1029 2380 1118 data
2421 1032 2640 1113 rediit
2685 1033 2798 1133 G,
2861 1014 3198 1140 poffunt,

426 1172 645 1251 inter
676 1170 747 1249 E
782 1190 863 1249 et
897 1170 963 1247 B
1000 1167 1356 1248 inveniri
1399 1168 1589 1247 duo·
1612 1168 1919 1272 punQa
1966 1194 2326 1273 quorum
2368 1170 2896 1271 utrumlibet,
2957 1172 3194 1277 quod.-

423 1306 522 1387 fit
556 1309 642 1407 F,
706 1304 951 1385 faciet
982 1284 1551 1413 rectangulum
1587 1304 1701 1401 G,
1740 1304 1876 1383 FD
1912 1302 2017 1383 ad
2052 1302 2322 1410 ipsum
2357 1306 2548 1386 EFB
2583 1306 2674 1387 in
2709 1307 2900 1403 data
2931 1306 3196 1412 ratio-7

423 1472 531 1523 ne
566 1469 825 1549 quam
858 1441 1107 1521 habet
1139 1443 1355 1535 resta
1388 1440 1699 1553 OQad
1732 1441 2013 1547 ipsam·
2038 1438 2208 1555 Q,
2273 1463 2354 1525 et
2388 1462 2808 1548 propterea
2843 1418 3206 1553 compo-i

424 1579 730 1679 nendo,-
766 1578 975 1659 ratio
1008 1576 1460 1685 restanguli
1495 1579 1701 1657 EFB.
1722 1604 1891 1657 una
1926 1606 2122 1659 cum
2155 1578 2326 1684 ipso
2347 1579 2475 1679 -G,
2505 1582 2671 1681 FD,
2709 1582 2867 1663 hoc
2902 1583 3015 1663 est
3047 1610 3182 1665 ra-

424 1718 545 1799 tio
578 1714 1035 1823 redtanguli
1067 1714 1270 1793 AFC
1306 1714 1411 1793 ad
1444 1712 1715 1819 ipsum
1749 1717 1875 1795 EF
1876 1716 1992 1815 B
2021 1715 2330 1797 eadem..
2351 1715 2503 1796 orit
2548 1716 2850 1803 rationi
2895 1721 3031 1800 ΟΡ
3077 1720 3188 1801 ad.

427 1854 627 1967 PQ
644 1852 804 1933 hoc
839 1852 951 1931 est
982 1850 1283 1931 rationi
1314 1850 1599 1933 datae.

562 1988 808 2071 Ratio
842 2010 1119 2069 autem
1151 1986 1523 2069 minima
1534 1987 2176 2071 determinatur'
2155 2010 2297 2073 ita.
2401 1990 2834 2073 Ostensum
2877 1990 3110 2073 fuit
3087 2016 3186 2075 ιιι
3351 2068 3360 2077 .

430 2122 1003 2234 compofitione
1034 2125 1141 2205 ad
1174 2146 1461 2207 notam
1482 2122 1581 2175 *
1557 2152 1651 2205 m
1684 2124 2085 2235 margine,
2122 2126 2392 2208 datis
2369 2154 2461 2207 m
2493 2128 2712 2211 πᾶα
2745 2128 2960 2210 linea
2985 2156 3189 2239 qua·

430 2284 615 2345 tuor
660 2262 987 2370 punffls
1022 2264 1129 2362 A,
1167 2264 1263 2362 B,
1306 2262 1401 2363 C,
1448 2264 1528 2341 D
1571 2256 1637 2340 fi
1676 2260 1823 2343 fiat
1865 2284 1964 2343 ut
2006 2264 2596 2373 reetangulum-
2622 2266 2847 2347 ABD
2893 2265 3001 2346 ad
3043 2265 3180 2374 ip-

428 2401 607 2481 sum
638 2402 895 2500 ACD,
940 2398 1076 2479 ita-
1094 2400 1595 2505 quadratum
1634 2426 1731 2479 ex
1774 2400 1911 2479 BE
1956 2398 2064 2481 ad
2109 2400 2609 2509 quadratum
2653 2429 2750 2483 ex
2795 2402 2959 2503 EC,
3007 2402 3187 2486 fore

426 2540 495 2619 E
526 2538 939 2645 pune'mm
985 2536 1211 2642 quod
1252 2534 1453 2617 facit
1494 2534 1899 2617 rationem
1940 2538 2398 2647 reQanguli
2438 2540 2664 2619 ΑΕΒ
2711 2537 2818 2621 ad
2859 2542 3184 2623 recitan-

425 2676 723 2785 gulum
757 2672 961 2754 BEC
1004 2670 1495 2783 fingularem
1538 2692 1619 2753 et
1662 2673 2128 2758 minimam.
2229 2676 2476 2757 Nunc
2519 2702 2709 2757 vero
2753 2676 3184 2760 ostenden.-

429 2813 637 2893 dum
669 2812 783 2891 est
813 2810 1217 2892 rationem
1261 2809 1474 2891 hanc
1520 2810 1861 2891 eandem
1908 2808 2059 2891 effe
2107 2807 2200 2892 ei
2229 2840 2482 2919 quam
2527 2811 2776 2894 habet
2821 2814 3185 2920 quadra-

430 2970 613 3031 tum
648 2976 745 3031 ex
764 2950 923 3029 AD
948 2946 1055 3027 ad
1088 2946 1599 3055 quadratum
1617 2945 1970 3031 exceffus
1988 2973 2156 3054 quo
2178 2950 2401 3031 reita
2431 2948 2644 3029 linea
2680 2976 2889 3056 quae
2921 2949 3184 3056 potest

430 3084 1005 3195 reecangnflum
1046 3085 1234 3185 AC,
1258 3085 1404 3163 BD
1447 3082 1776 3171 ‚excedit
1819 3110 2003 3167 eam
2050 3112 2261 3195 quae
2307 3086 2564 3195 potest
2605 3086 3182 3198 redangulum

435 3224 603 3324 AB,
640 3224 817 3307 ΟΒ.

560 3358 1089 3441 Describam
1144 3356 1495 3439 circulus
1545 3356 1761 3441 circa
1828 3362 1899 3403 “
1950 3356 2521 3441 dia-metrum”
2591 3363 2803 3462 AD,
2853 3381 2934 3457 et
2993 3360 3182 3460 BF,

436 3498 577 3577 CG
615 3495 1315 3605 perpendiculares
1351 3495 1763 3575 ducantur
1798 3498 1871 3539 ‘⁶
1896 3497 2002 3578 ad
2049 3494 2447 3603 oppofitas
2492 3494 2736 3603 ipfius
2783 3499 2940 3577 ΑΒ
2986 3522 3180 3601 par-

436 3632 625 3733 παῦ’
746 3631 1169 3748 Qoniam
1226 3630 1483 3740 igitur
1539 3632 1657 3711 est
1706 3652 1820 3712 ut.
1858 3633 2431 3743 restangulum
2477 3635 2700 3751 ABD
2747 3631 2854 3715 ad
2909 3632 3182 3740 ipsum,

437 3772 681 3871 ACD,
750 3769 909 3853 hoc
954 3768 1075 3849 est
1111 3768 1607 3875 quadratum
1650 3796 1748 3851 ex
1790 3770 1917 3849 BF
1964 3767 2072 3851 ad
2118 3770 2614 3877 quadratum
2659 3798 2756 3853 ex
2810 3770 2992 3871 CG,
3021 3856 3030 3867 ,
3064 3769 3182 3873 ita
3291 3852 3296 3859 ,

440 3908 929 4015 quadratum
958 3932 1059 3987 ex
1091 3906 1225 3985 BE
1274 3905 1383 3986 ad
1430 3905 1927 4012 quadratum
1972 3932 2070 3987 ex
2113 3908 2278 4005 EC,
2349 3906 2502 3987 erit
2545 3928 2624 3989 et
2669 3906 3184 4018 longitudine

440 4068 527 4125 ut
558 4046 689 4125 BF
722 4043 829 4127 ad
862 4043 1047 4143 CG,
1094 4042 1215 4123 ita
1244 4042 1379 4121 BE
1428 4043 1533 4122 ad
1577 4043 1763 4141 EC3
1842 4068 2043 4151 ergo.
2090 4046 2308 4125 reeta
2354 4044 2568 4125 linea
2612 4044 2724 4126 est
2783 4070 2992 4151 quae
3037 4069 3180 4148 per

442 4184 737 4287 puncta
770 4184 857 4284 F,
896 4183 995 4280 E,
1035 4181 1118 4260 G
1154 4176 1471 4262 tranfit..
1562 4180 1696 4261 sit
1719 4180 1975 4279 FEG,
2026 4202 2108 4261 et
2141 4180 2294 4261 Gc
2341 4180 2446 4261 ad
2489 4182 2582 4262 H
2627 4180 3179 4289 producam-2
3331 4150 3346 4185 ²

430 4316 707 4423 §aneta
739 4346 937 4405 vero
970 4318 1119 4401 FH
1152 4315 1655 4428 producatur
1686 4316 1791 4401 ad
1825 4320 1936 4423 K,
1998 4338 2246 4427 atque
2289 4316 2396 4400 ad
2439 4317 2700 4429 ipsam
2744 4315 3182 4431 perpendi-ff
