4109 5609
910 411 1074 499 442
1532 388 1723 475 DE
1820 386 3028 473 PORISMA‘rmus,

909 603 1091 681 sum
1128 603 1290 703 BE,
1332 604 1516 701 EH,
1569 602 1723 683 hoc
1761 604 1897 703 est,
1946 602 2005 681 fi
2052 602 2194 683 fiat
2239 605 2404 683 GD
2441 602 2584 709 ipfi
2628 607 2777 686 DB
2823 605 3210 712 aequalis,
3257 605 3412 685 erit
3457 608 3664 687 reust-

911 740 1311 847 angulum
1347 740 1527 840 GE,
1568 742 1699 818 EB
1738 742 2067 846 aequale
2101 738 2437 821 excessui
2472 742 2922 851 tetstauguli
2959 746 3042 842 F,
3083 744 3218 821 BE
3261 742 3504 848 supra
3534 742 3660 849 ip-

908 876 1092 955 sum
1132 878 1294 977 BE,
1336 879 1517 958 EH.
1626 879 1759 955 Est
1804 878 2060 985 igitur
2103 879 2676 985 fe&angulum
2721 880 2926 978 GH,
2967 880 3102 957 BE
3147 880 3479 985 aequale
3521 876 3662 985 ipfi

910 1016 997 1113 F,
1037 1016 1199 1113 BE,
1240 1042 1489 1121 quare
1524 1014 1737 1093 resta
1774 1014 1949 1093 GH
1984 1015 2340 1119 aequalis
2377 1015 2488 1093 est
2521 1013 2668 1120 ipfi
2703 1018 2787 1096 F.
2879 1016 2982 1094 Et
3029 1014 3426 1122 quoniam
3458 1044 3664 1122 qua-

909 1150 1259 1229 dratum·
1279 1179 1373 1231 ex
1406 1130 1551 1230 DB'
1590 1152 1917 1255 aequale
1952 1152 2062 1229 est
2097 1150 2514 1256 quadratis
2540 1178 2636 1231 ex
2660 1153 2855 1251 AD,
2873 1152 3034 1251 BC,
3075 1151 3252 1251 erit,
3291 1178 3434 1257 per
3467 1179 3663 1233 con-

910 1286 1221 1367 versam
1258 1291 1490 1393 Prop.
1528 1288 1665 1391 46.
1706 1287 2280 1395 restangulum

909 1426 1083 1523 AB,
1134 1426 1281 1504 DC
1326 1424 1453 1503 bis
1502 1424 1830 1529 aequale
1878 1424 2277 1529 quadrato
2416 1466 2496 1542 G
2546 1468 2623 1544 A
2757 1467 2837 1543 D
3077 1464 3142 1541 Β
3315 1464 3382 1543 C
3444 1466 3513 1543 E
3581 1468 3666 1544 H

912 1588 1008 1641 ex
1038 1561 1211 1643 AC.
1278 1563 1535 1639 Datae
1570 1580 1845 1639 autem
1882 1560 2072 1639 sunt
2103 1562 2282 1657 AB,
3479 1598 3506 1623 ι

912 1698 1084 1795 AC,
1126 1695 1315 1776 data
1350 1697 1605 1803 igitur
1636 1696 1749 1775 est
1780 1699 1927 1776 DC
1944 1730 1969 1813 5
2024 1718 2103 1775 et
2129 1696 2278 1774 da·-

911 1854 1099 1911 tum
1134 1834 1243 1911 est
1276 1836 1681 1939 punstum
1716 1836 1809 1931 C,
1862 1860 2114 1939 quare
2149 1853 2228 1912 et
2261 1834 2340 1909 D
2375 1832 2665 1911 datum
2701 1828 2878 1914 erit.
2975 1830 3108 1909 Est
3144 1850 3420 1909 autem
3455 1830 3668 1909 reita

914 1972 972 2049 F
1018 1972 1377 2077 aequalis
1422 1967 1567 2075 ipfi
1612 1970 1817 2067 GH,
1868 1970 2023 2049 hoc
2071 1970 2179 2048 est
2231 1960 2672 2077 (quoniam
2719 1968 2870 2047 GB
2916 1967 3166 2073 dupla
3211 1967 3322 2046 est
3364 1967 3542 2065 DB,
3589 1988 3666 2046 et

913 2106 1073 2189 BH
1111 2107 1365 2213 dupla
1396 2104 1639 2213 ipfius
1678 2106 1845 2217 BC)
1884 2107 2144 2185 rectae
2177 2106 2324 2183 DC
2359 2105 2515 2189 bis.
2583 2104 2858 2214 Igitur
2881 2104 3072 2183 data
3109 2104 3218 2184 est
3249 2104 3468 2184 tedia
3505 2106 3594 2185 F,

1920 2380 2474 2483 Componetur
2515 2379 2656 2462 ita.

900 2498 907 2503 ’
1056 2516 1229 2595 Fiat
1262 2537 1359 2595 ut
1391 2517 1533 2595 AB
1569 2516 1697 2595 bis
1738 2514 1841 2593 ad
1875 2516 2047 2616 AC,
2079 2516 2192 2593 ita
2217 2517 2360 2594 Ac
2385 2516 2488 2601 ad
2515 2518 2658 2596 cD
2695 2542 2904 2622 quae
2938 2534 3292 2621 ponatur
3326 2542 3372 2595 a
3409 2541 3672 2620 punc-

919 2672 1005 2733 to
1040 2654 1107 2733 C
1142 2652 1408 2733 versus
1443 2655 1559 2750 A;
1635 2652 2001 2731 sumatur
2035 2679 2224 2731 vero
2259 2653 2476 2733 rasta
2509 2654 2567 2731 F
2599 2652 2850 2759 dupla
2883 2650 3130 2758 ipfius
3165 2652 3339 2735 DC.
3453 2650 3542 2731 Si
3585 2650 3674 2731 in

917 2792 1061 2869 AB
1110 2790 1505 2895 produfiza
1548 2787 1914 2869 sumatur
1959 2790 2364 2896 pundtum
2410 2790 2508 2889 E,
2571 2788 2684 2869 ita
2729 2809 2824 2869 ut
2869 2790 3004 2869 CE
3049 2787 3326 2869 minor
3365 2784 3462 2867 fit
3505 2786 3678 2892 ipfia.

920 2926 1081 3028 CB,
1134 2918 1286 3006 eri't
1322 2925 1818 3033 quadratum
1854 2952 1950 3004 ex
1981 2926 2132 3003 DE
2167 2926 2498 3031 aequale
2531 2924 2947 3031 quadratis
2985 2952 3080 3007 ex
3115 2926 3278 3025 GE,
3315 2926 3474 3003 AD
3508 2952 3673 3005 una

919 3090 1111 3147 cum
1148 3062 1616 3169 refflangulo
1652 3065 1736 3162 F,
1766 3062 1935 3145 BE.
1997 3062 2132 3140 Est
2165 3060 2414 3162 enim,
2453 3088 2549 3141 ex
2584 3062 3199 3163 construtstione,
3236 3062 3672 3170 restangu-

920 3200 1099 3277 lum
1134 3201 1305 3297 AB,
1343 3201 1491 3278 DC
1535 3197 1665 3277 bis
1712 3198 2043 3303 aequale
2091 3198 2486 3304 quadrato
2531 3226 2627 3279 ex
2669 3200 2856 3291 AC;
2925 3198 3208 3309 igitur,
3260 3225 3404 3303 per
3439 3200 3672 3304 Prop.

918 3334 1057 3439 46.
1109 3336 1605 3441 quadratum
1640 3362 1736 3413 ex
1763 3336 1911 3413 DB
1948 3335 2280 3440 aequale
2313 3336 2424 3415 est
2459 3334 2872 3440 quadratis
2908 3362 3004 3415 ex
3032 3337 3220 3435 AD,
3259 3336 3418 3417 BC.
3503 3334 3674 3415 Fiat

920 3472 1085 3551 DG
1126 3472 1485 3579 aequalis
1514 3472 1693 3569 DB,
1740 3490 1818 3551 et
1853 3471 2009 3549 CH
2046 3466 2194 3576 ipfi
2239 3473 2402 3572 CB,
2451 3472 2562 3551 est
2606 3454 2862 3580 igitur
2904 3471 3080 3552 GH
3127 3470 3486 3578 aequalis
3531 3466 3671 3579 ipfi

920 3610 1069 3687 DC
1104 3608 1261 3707 bis,
1302 3608 1455 3686 hoc
1492 3605 1603 3685 est
1634 3608 1893 3687 reihe
1929 3608 1986 3685 F
2003 3640 2027 3705 3
2082 3634 2332 3713 quare
2365 3606 2940 3717 roz—&angulum
2970 3610 3174 3707 GH,
3205 3609 3340 3687 BE
3373 3606 3530 3689 hoc
3565 3608 3668 3689 est

922 3743 1489 3852 re6’oengulum
1524 3742 1707 3841 GE,
1748 3744 1880 3823 ΕΒ
1914 3770 2084 3821 una
2120 3771 2313 3824 cum
2348 3744 2520 3850 ipso
2554 3746 2740 3843 HE,
2781 3744 2963 3844 EB,
2983 3744 3138 3827 hoc
3171 3745 3284 3825 est
3318 3746 3669 3850 quadra-

925 3902 1109 3961 tum
1145 3907 1239 3959 ex
1274 3881 1407 3957 BE
1444 3906 1611 3959 una
1659 3906 1851 3958 cum
1899 3881 2378 3988 redtangulo
2413 3883 2589 3980 DB,
2631 3882 2765 3961 BE
2810 3880 2940 3963 bis
2975 3902 3056 3961 et
3100 3880 3269 3986 ipso
3315 3881 3504 3981 HE,
3543 3884 3670 3961 ΕΒ

924 4016 1256 4123 aequale
1291 4016 1399 4095 est
1438 4016 1907 4122 ree'tangulo
1956 4018 2041 4114 F,
2083 4016 2242 4099 BE.
2349 4018 2484 4097 Est
2529 4037 2802 4097 autem
2847 4018 3344 4123 quadratum
3391 4045 3496 4099 ex
3529 4021 3668 4103 ΠΒ

924 4154 1252 4260 aequale
1288 4152 1703 4259 quadratis
1740 4178 1837 4231 ex
1870 4154 2055 4265 AD,
2095 4153 2227 4231 BC
2247 4186 2270 4251 3
2345 4174 2614 4233 totum
2661 4154 2941 4261 igitur,
2993 4154 3492 4259 quadratum
3523 4155 3669 4242 sci-

924 4290 1108 4371 licet
1144 4318 1239 4371 ex
1270 4291 1417 4367 DE
1451 4318 1619 4369 una
1652 4316 1845 4368 cum
1880 4289 2354 4397 refiangulo
2387 4292 2572 4389 HE,
2601 4290 2734 4369 ΕΒ
2761 4293 3100 4397 aequa-le
3125 4291 3236 4371 est
3259 4290 3440 4391 toti,
3458 4318 3670 4397 ‘qua-

924 4426 1179 4509 dratis
1214 4424 1509 4507 scilicet
1548 4454 1639 4505 ex
1674 4428 1859 4526 AD,
1900 4426 2034 4505 BC
2073 4452 2240 4515 una
2285 4452 2478 4507 cum
2515 4428 2998 4546 red'taugulo
3032 4430 3116 4531 F,
3159 4430 3318 4513 BE.
3419 4427 3678 4511 Aufe-
