4109 5609
1021 436 1204 516 DE
1305 433 2513 522 FORISMATTBUS:
2976 461 3149 549 5594

387 661 786 771 angulum
820 659 1053 754 DFE,
1103 655 1258 734 hoc
1293 654 1404 737 est
1436 653 1566 766 ut)
1613 653 1962 759 duplum
1997 654 2588 760 quadratorum
2623 652 2954 756 ex-DH,
2992 657 3143 740 HF

389 799 492 879 ad
529 796 1036 902 triangulum
1070 796 1300 874 DFE.
1373 791 1550 881 Erit
1583 790 1838 898 igitur
1862 791 2181 882 summa
2208 791 2799 898 quadratorum
2823 820 2917 874 ex
2942 795 3142 894 ΒΗ,

385 939 534 1014 HF
570 936 674 1014 ad
713 927 1096 1039 (duplum
1129 928 1520 1036 trianguli
1557 931 1790 1026 DFE,
1839 927 1993 1018 hoc
2032 929 2142 1011 est
2178 928 2316 1040 ad)
2364 929 2931 1037 tediangulum
2967 932 3144 1034 DE,

387 1077 552 1171 FK,
593 1091 688 1150 ut
725 1063 972 1174 (recta
1007 1069 1176 1144 NH
1213 1067 1314 1146 ad
1351 1065 1607 1171 ipsam
1641 1067 1816 1164 DE,
1856 1064 2009 1146 hoc
2047 1067 2159 1144 est
2194 1065 2319 1177 ut)
2350 1067 2917 1175 reetangulum
2942 1069 3143 1168 NH,

391 1211 528 1290 FK
565 1207 672 1290 ad
707 1205 974 1310 ipsum
1008 1207 1182 1302 DE,
1225 1206 1385 1285 FK.
1457 1201 1730 1314 Qare
1767 1203 2165 1308 quadrata
2200 1229 2296 1282 ex
2330 1205 2525 1302 ΒΗ,
2556 1206 2706 1292 HF
2740 1201 2995 1289 simul·
3012 1233 3149 1286 ae-

390 1346 668 1452 qualia
703 1344 888 1422 sunt
925 1341 1392 1448 reciangulo
1429 1341 1626 1437 NH,
1659 1343 1822 1437 PK,
1861 1339 2016 1420 hoc
2055 1341 2165 1420 est
2198 1341 2671 1448 reciangulo
2704 1343 2903 1441 NH,
2932 1345 3151 1427 HM.

389 1487 850 1562 Commune
887 1480 1299 1560 auferatur
1335 1478 1830 1584 quadratum
1865 1503 1958 1556 ex
1995 1479 2211 1576 HM,
2262 1497 2341 1556 et
2376 1477 2773 1582 quadrata
2808 1507 2902 1562 ex
2946 1483 3151 1581 ΒΗ,

393 1623 550 1698 FM
585 1617 820 1697 simul
857 1615 1222 1722 aequalia
1257 1636 1494 1695 crunt
1529 1615 1758 1711 HM,
1779 1615 1955 1694 MN
1989 1615 2487 1722 reetangula
2555 1617 2948 1698 Occurrat
2982 1620 3153 1698 HN

397 1754 1090 1838 circumferentiae
1127 1752 1214 1830 in
1253 1750 1574 1856 punc’ds
1612 1753 1720 1849 O,
1755 1755 1841 1850 P,
1883 1772 1960 1830 et
1997 1749 2311 1840 inflexis
2347 1753 2535 1851 ΒΟ,
2574 1754 2745 1852 ΕΟ,
2786 1755 3153 1835 ostende-

395 1917 563 1991 tur,
613 1913 709 1971 ut
755 1891 844 1970 in
893 1887 1356 1994 praemiflis,
1411 1889 1904 1994 quadratum
1951 1916 2044 1968 ex
2090 1890 2261 1966 ΒΗ
2309 1890 2637 1993 aequale
2681 1893 3155 2000 reciangulo

395 2033 594 2129 ΗΟ,
635 2031 814 2110 ΟΝ.
907 2013 1319 2125 Similiter,
1371 2021 1686 2103 inflexis
1723 2027 1888 2122 ΒΡ,
1931 2027 2085 2123 ΕΡ,
2140 2025 2634 2131 quadratum
2670 2055 2764 2106 ex
2798 2031 2970 2108 ΒΗ
3018 2057 3155 2111 ae-

399 2169 638 2274 quale
685 2165 836 2244 erit
870 2163 1338 2270 rectangulo
1375 2163 1554 2262 ΗΡ,
1591 2163 1752 2242 ΡΝ.
1859 2161 2121 2268 Igitur
2164 2163 2730 2270 re&angulum
2764 2167 2961 2266 ΗΟ,
2998 2169 3157 2247 ΟΝ

389 2304 734 2408 aequale
779 2303 890 2382 est
935 2297 1077 2406 ipfi
1123 2302 1300 2398 ΗΡ,
1341 2301 1508 2396 ΡΝ,
1557 2324 1806 2404 quare
1853 2319 1930 2378 et
1975 2301 2189 2380 resta
2238 2303 2403 2378 ΗΟ
2452 2301 2807 2405 aequalis
2856 2303 2975 2382 est·
3008 2301 3167 2410 ipfi'

399 2445 580 2538 PN;
633 2461 712 2520 et
745 2439 855 2518 est
890 2439 1032 2517 OC
1067 2436 1425 2542 aequalis
1457 2437 1716 2516 restae
1751 2437 1904 2534 ΟΡ,
1953 2455 2030 2516 et
2066 2458 2489 2541 propterea·
2516 2439 2629 2517 est
2662 2441 2824 2521 HC
2855 2467 3159 2548 aequa-

403 2583 504 2660 lis
551 2575 696 2683 ipfi
741 2579 916 2657 CN.

538 2714 674 2794 Ad
706 2715 849 2792 AB
887 2712 1232 2792 ducatur
1265 2706 1870 2821 DQparallela
1903 2707 2048 2816 ipfi
2086 2711 2269 2809 HC,
2310 2731 2389 2790 et
2410 2710 2812 2820 jungatur
2844 2716 2993 2799 FC.
3058 2717 3163 2797 Et

405 2851 812 2960 quoniam·
839 2849 1241 2930 ostensum
1285 2846 1457 2926 fuit
1494 2847 1888 2953 quadrata
1934 2873 2026 2926 ex
2074 2848 2273 2946 ΒΗ,
2312 2851 2467 2934 FM
2512 2847 2751 2930 simul
2798 2853 3165 2958 aequalia
3305 2820 3315 2830 ,

409 2989 558 3072 effe
599 2987 1074 3094 rectangulo
1121 2985 1337 3085 HM,
1377 2985 1588 3083 MN,
1647 3011 2087 3064 commune
2134 2984 2481 3067 addatur
2526 2986 3021 3093 quadratum
3066 3015 3186 3072 ex.

311 3106 318 3112 ·
409 3128 603 3225 MC,
643 3145 722 3204 et
757 3121 1154 3230 quadrata
1189 3148 1282 3200 ex
1313 3122 1513 3222 ΒΗ,
1542 3120 1682 3202 FC
1697 3120 1936 3202 fimul
1971 3120 2338 3227 aequalia
2373 3145 2613 3202 erunt
2648 3124 3049 3230 quadrato
3060 3153 3187 3207 ex:

413 3266 596 3346 HC.
667 3261 1091 3375 Qadrata
1115 3285 1422 3339 vervex
1443 3259 1643 3356 ΒΗ,
1661 3259 1785 3336 FC
1811 3257 2175 3364 aequalia
2200 3258 2386 3338 sunt
2412 3259 2829 3366 quadratis
2855 3288 2949 3342 ex
2984 3261 3193 3376 Q}-

413 3405 565 3500 CP,
616 3399 770 3480 hoc
819 3397 930 3477 est
975 3393 1371 3502 quadrato
1419 3421 1512 3474 ex
1543 3394 1834 3498 juncta
1879 3394 2077 3507 PQ
2108 3395 2334 3502 quod
2380 3418 2796 3502 ptopterea
2840 3401 3199 3507 aequale·

417 3539 567 3620 erit
593 3535 996 3642 quadrato
1017 3560 1114 3612 ex
1145 3533 1333 3632 HC,
1372 3552 1452 3612 et
1481 3533 1712 3622 reita
1731 3530 2065 3644 PQipfi
2100 3533 2259 3612 HC
2294 3534 2444 3614 erit
2478 3535 2861 3643 aequalis.
2932 3537 3077 3652 Q
3118 3613 3120 3615 ,
3186 3581 3193 3588 ·

401 3676 648 3756 ‚niam
682 3699 872 3752 vero
907 3671 1100 3750 data
1132 3669 1242 3748 est
1276 3667 1490 3748 ratio
1517 3697 1566 3756 a
1604 3669 1710 3750 ad
1741 3669 1828 3768 b,
1860 3667 2015 3748 hoc
2053 3668 2165 3748 est
2198 3670 2695 3777 ratio-quam
2728 3671 2977 3762 habet
3002 3678 3195 3758 ΗΝ

387 3813 546 3894 -bis
583 3810 690 3890 ad
723 3809 920 3907 HD,
971 3807 1158 3888 data
1206 3805 1356 3886 erit
1401 3804 1610 3884 ratio
1655 3831 1908 3914 quam
1953 3804 2199 3893 hahet
2246 3808 2428 3886 HC·
2449 3837 2633 3914 pars
2679 3833 2971 3917 quarta
3014 3813 3185 3894 du-

421 3952 599 4056 plae
633 3942 876 4053 ipsius
909 3945 1074 4022 HN
1113 3944 1214 4022 ad
1252 3945 1449 4040 HD,
1489 3941 1644 4022 hoc
1681 3943 1790 4032 est
1826 3971 2081 4049 quam
2116 3943 2361 4024 habet
2396 3943 2682 4059 PQad
2714 3947 2975 4054 ipsam
3000 3951 3179 4065 Q.

421 4085 695 4194 Specie
755 4081 1010 4190 igitur
1043 4069 1386 4166 fdatum
1443 4079 1556 4158 est
1612 4079 2123 4188 triangulum
2180 4083 2749 4190 rectangulum
2794 4087 3061 4202 CPQ
3100 4112 3179 4172 et
3216 4119 3243 4162 f
3268 4117 3529 4196 46.Dat.

427 4225 617 4304 data
651 4221 764 4302 est
795 4221 924 4300 CP
953 4215 1552 4327 magnitudine,
1603 4243 1854 4323 quare
1889 4239 1968 4306 et
2001 4217 2387 4331 PQQ,
2450 4218 2607 4302 hoc
2642 4219 2752 4303 est
2786 4223 2971 4323 CH,
3010 4226 3182 4310 HD

427 4356 1002 4468 magnitudine
1033 4355 1266 4436 datae
1300 4373 1561 4434 erunt.
1663 4353 1820 4434 Sed
1867 4375 1944 4436 et
1990 4352 2377 4460 pofitione
2410 4355 2601 4442 data
2633 4357 2746 4438 est
2780 4361 2937 4440 CH
2973 4388 3183 4467 quae

433 4527 482 4579 a
515 4497 708 4579 dato
741 4495 1048 4601 puncto
1081 4493 1150 4574 C
1195 4489 1302 4570 ad
1345 4491 1600 4574 rec'tos
1651 4493 1991 4606 angulos
2039 4490 2425 4601 pofitione
2468 4494 2701 4577 datae
2746 4499 2888 4578 AB
2934 4498 3186 4582 duc'ta
