4109 5609
895 403 996 481 ·v‘i
1529 395 2998 480 PRAEFATIO.

913 619 1216 728 quibus
1249 615 1654 725 indigent,
1699 636 1797 695 ut
1831 638 1910 695 et
1943 614 2537 723 epitagmatum
2566 636 2650 694 et
2681 614 3457 695 determinationum
3491 644 3653 699 nu-

911 782 1234 835 merum
1277 774 1358 833 et
1403 754 1776 833 ordinem
1825 781 1874 831 a
1921 756 2193 857 Pappo
2236 752 2695 832 indicatum
2742 752 2954 830 inter
2998 752 3073 831 se
3130 780 3653 859 comparave-

897 894 1104 974 rint.
1189 894 1432 969 Hanc
1481 910 1755 969 autem
1787 888 2376 969 restitutionem
2418 888 2783 968 invenire
2828 888 3015 968 satis
3047 864 3379 969 difficile
3424 890 3703 975 fuiffe-

895 1056 998 1111 se
1032 1026 1200 1134 ipsa
1244 1026 1782 1131 experientur,
1833 1025 1922 1105 ni
1967 1023 2233 1123 fallor,
2284 1025 2431 1131 qui
2462 1052 2647 1103 eam
2690 1025 3178 1107 tentaverint
3222 1027 3354 1106 via
3398 1030 3659 1134 Apol-⁴

915 1166 1243 1245 loniana
1263 1162 1738 1269 priusquam
1764 1162 2185 1268 problema
2211 1190 2287 1267 5.
2314 1181 2394 1241 et
2430 1161 2509 1243 6.
2544 1162 2732 1245 Lib.
2766 1191 2837 1245 ι.
2874 1184 2953 1243 et
2986 1190 3080 1243 ea
3114 1163 3305 1242 libri
3334 1190 3411 1247 2.
3448 1190 3658 1273 quac

899 1302 1002 1385 in
1035 1300 1558 1407 sequentibus
1591 1298 2106 1399 exhibentur,
2144 1298 2655 1403 inspexerint.
2682 1340 2693 1347 ·

1033 1436 1667 1519 Observandum
1725 1463 1915 1515 vero
1973 1438 2083 1517 est
2134 1438 2514 1541 pleraque
2558 1438 2943 1515 lemmata
2988 1436 3076 1515 in
3124 1438 3538 1541 problema
3574 1470 3655 1547 5.

896 1597 993 1656 eet
1031 1575 1106 1659 6.
1157 1568 1392 1679 (nam
1425 1574 1652 1653 nulla
1691 1574 1884 1653 sunt
1941 1571 2032 1651 in
2080 1573 2634 1679 praecedentia
2680 1572 3245 1685 problemata,)
3309 1596 3467 1655 tres
3516 1600 3659 1657 aut

905 1733 1272 1819 quatuor
1317 1710 1614 1791 habere
1655 1710 2375 1791 demonstrationes
2422 1709 2813 1809 diversas;
2882 1711 3243 1791 numeris
3302 1739 3493 1792 vero
3522 1715 3659 1793 di-

905 1850 1444 1957 stinguuntur
1509 1847 1662 1927 hae
1727 1846 2445 1927 demonstrationes
2502 1847 2593 1925 in
2660 1848 2993 1929 Graecis
3060 1848 3513 1949 codicibus,
3580 1874 3665 1935 et

897 1987 1135 2092 ,apud
1167 1984 1899 2084 Commandinum,
1935 2005 2339 2090 tanquam
2371 1982 2680 2062 diversa
2712 1982 2957 2064 effent
2992 1986 3401 2085 lemmata,
3442 2008 3537 2067 ut
3570 1988 3661 2071 in

909 2120 1278 2204 numeris
1325 2119 1684 2229 margi-ni
1717 2120 2040 2201 dextrae
2076 2120 2165 2199 in
2210 2120 2361 2201 hac
2398 2118 2751 2201 editione
2797 2120 3168 2227 appolitis
3214 2122 3474 2202 videri
3510 2154 3661 2229 po-

907 2260 1090 2342 test.
1191 2261 1290 2339 In
1338 2258 1490 2338 hac
1539 2256 1786 2337 etiam
1832 2256 2406 2363 propositione-s
2452 2258 2737 2337 eodem
2779 2260 3067 2339 ordine
3126 2281 3663 2344 numerantur

911 2424 1088 2503 quo
1125 2396 1346 2501 apud
1377 2394 2083 2475 Commandinum
2126 2394 2219 2473 in
2263 2392 2615 2475 versione
2660 2395 2800 2475 sua
2843 2396 3137 2475 Latina
3184 2398 3431 2502 Pappi
3468 2399 3662 2479 Ale·-

921 2531 1356 2629 xandrini3
1423 2529 1854 2637 propositio
1887 2530 2187 2611 scilicet
2222 2556 2355 2613 22.
2414 2530 2599 2613 Lib.
2642 2556 2717 2641 7.
2760 2532 3039 2638 Pappi,
3110 2531 3245 2613 hic
3296 2534 3511 2615 facta
3554 2538 3667 2619 est

912 2668 1215 2775 prima,
1253 2694 1544 2749 earum
1569 2667 1866 2749 scilicet
1899 2694 2111 2778 quae
2156 2667 2259 2749 ad
2294 2668 2747 2749 Sectionem
2770 2668 3416 2749 Determinatam
3440 2672 3663 2777 spec-

911 2826 1126 2905 tant,
1174 2827 1272 2885 ut
1307 2788 1588 2885 revera
1647 2806 1784 2906 est,
1843 2826 1926 2886 et
1973 2806 2088 2885 ita
2124 2805 2542 2912 deincep5,
2590 2802 2739 2885 nifi
2784 2806 2933 2885 ubi
2978 2804 3251 2912 aliqua
3299 2810 3475 2889 loco
3520 2810 3663 2890 suo

905 2942 1347 3043 exciderat,
1396 2963 1490 3021 ut
1525 2945 1756 3048 Prop.
1801 2946 1932 3025 28.
1970 2964 2046 3021 et
2080 2946 2313 3047 Prop.
2348 2942 2487 3048 63.
2534 2969 2743 3048 quae
2790 2943 2985 3023 locis
3034 2945 3379 3049 propriis
3424 2972 3663 3051 repo-

909 3078 1108 3159 fitae
1139 3080 1353 3161 sunt.
1419 3078 1994 3183 Propositiones
2034 3078 2279 3157 etiam
2320 3104 2455 3187 37,
2498 3082 2633 3185 38,
2667 3106 2801 3185 39,
2838 3105 2977 3184 40,
3008 3106 3243 3184 quae,
3284 3080 3373 3161 in
3408 3068 3663 3163 Graea

907 3216 1034 3298 cis
1081 3214 1498 3296 codicibus
1547 3236 1627 3295 et
1669 3216 1892 3322 apud
1934 3214 2665 3316 Commandinum‚
2728 3217 2943 3295 inter
2988 3216 3371 3299 lemmata
3420 3219 3512 3298 in
3558 3220 3663 3299 li-

917 3354 1169 3433 brum
1217 3378 1285 3435 1.
1323 3373 1886 3451 numerantur,
1921 3379 2197 3433 revera
2232 3352 2421 3431 sun-t
2456 3352 2839 3431 lemmata
2871 3353 2963 3431 in
2998 3353 3184 3437 Lib.
3218 3380 3292 3437 2.
3360 3356 3663 3437 Saltem
3712 3435 3717 3441 .

912 3490 1204 3571 multis
1247 3510 1330 3569 et
1377 3488 1618 3571 variis
1653 3488 2409 3595 investigationibus
2446 3487 2861 3589 institutis,
2914 3489 3257 3570 minime
3302 3492 3665 3611 invenire

913 3627 1152 3734 potui
1199 3654 1328 3706 eas
1358 3625 1608 3707 alicui
1649 3626 2129 3733 epitagmati
2158 3626 2398 3707 Prob.
2435 3654 2513 3730 5.
2550 3626 2677 3705 vel
2716 3625 2792 3708 6.
2840 3626 3077 3705 utiles
3114 3624 3285 3709 effe.
3376 3632 3664 3709 Deter-

913 3762 1410 3847 minationes
1446 3764 1634 3843 vem
1669 3762 1758 3843 in
1791 3762 2002 3845 libro
2035 3762 2385 3843 secundo
2421 3760 2635 3843 hisce
2671 3760 3345 3867 propositionibus
3374 3784 3661 3873 egent3

917 3900 1424 4007 problemata
1470 3898 1692 3979 enim
1739 3925 2093 4006 quarum
2152 3901 2341 3979 sunt
2408 3898 3115 3981 determinationes
3176 3900 3485 4006 duplici
3530 3904 3665 3983 via

910 4036 1120 4117 'solvi
1189 4034 1538 4142 possunt,
1613 4064 1968 4144 quarum
2019 4037 2502 4117 ‚alterutram
2556 4032 2617 4114 fi
2666 4036 3023 4137 iniveri5‚
3088 4037 3661 4143 propositiones

804 4150 818 4163 κ
917 4172 1372 4284 praedictae
1407 4174 1756 4255 omnino
1802 4170 2281 4255 necessariae.
2310 4174 2499 4254 sunt
2532 4172 2738 4253 adde
2768 4174 3233 4253 ducendam
3264 4202 3361 4255 ex
3390 4176 3665 4257 deter-

919 4309 1401 4410 minatione,
1444 4310 1550 4390 ad
1583 4338 1838 4419 quam
1872 4310 2024 4392 hac
2062 4312 2194 4392 via
2228 4332 2707 4416 perventum
2742 4310 2881 4411 est,
2910 4310 3241 4391 alteram
3280 4311 3382 4391 ad
3408 4340 3665 4419 quam·

913 4446 1270 4534 secunda
1303 4448 1438 4529 via
1467 4448 1770 4533 directe
1801 4446 2169 4533 duxifl'et.
2238 4450 2458 4531 Nam
2490 4474 2589 4529 ex
2622 4474 2791 4529 una
2824 4468 3151 4529 tantum
3184 4446 3493 4529 harum·
3512 4448 3665 4531 de·
