4109 5609
725 422 1823 545 QUANTITATUM
1892 422 2064 503 ET
2131 414 2937 509 RATIONUM.
3119 444 3221 537 1'7

450 655 585 737 BC
632 650 741 731 ad
794 654 984 729 AR:
1038 646 1437 755 quoniam
1486 644 1769 751 igitur,
1822 671 1917 723 ex
1956 640 2406 751 hypothefi,
2458 644 2666 725 ratio
2710 647 2872 725 AG
2907 642 3013 725 ad
3051 645 3220 725 ΒΜ

448 792 725 872 minor
752 789 861 867 est
888 786 1199 866 ratione
1234 786 1311 864 O
1346 783 1451 861 ad
1482 784 1566 880 P,
1606 780 1763 860 hoc
1801 756 1907 859 est
1943 782 2256 860 ratione
2288 782 2419 859 ΒΟ
2455 781 2558 859 ad
2593 782 2783 884 AQ,
2826 782 2976 863 erit
3011 782 3221 865 ratio

448 929 583 1009 BC
621 927 725 1007 ad
761 929 911 1005 AR
947 923 1221 1002 minor
1256 919 1567 1000 ratione
1608 920 1745 999 BC
1782 920 1881 997 ad
1918 918 2120 1023 AQ3
2173 918 2282 997 est
2321 917 2574 1024 igitur
2607 922 2822 1000 recta
2855 922 3008 999 AR
3035 948 3222 999 ma-

436 1066 573 1175 jot·
619 1064 785 1171 ipsa
822 1062 1037 1173 AQ
1102 1060 1453 1137 ducatur
1500 1057 1625 1136 RS
1664 1058 2035 1161 parallela
2087 1052 2229 1160 ipfi
2277 1056 2468 1154 AG,
2541 1076 2621 1135 et
2679 1058 3076 1163 quoniam
3123 1078 3222 1135 ut

448 1204 605 1285 AG
634 1202 755 1281 -ad
790 1203 951 1279 ΒΜ
987 1198 1103 1275 ita
1138 1198 1247 1275 est
1274 1197 1405 1274 BC
1440 1195 1547 1273 ad
1567 1196 1745 1291 AR,
1788 1194 1939 1271 erit
1972 1192 2542 1300 retf’tangulum
2567 1194 2696 1272 AS
2731 1194 3062 1299 aequa-le
3097 1194 3221 1301 ip-

450 1340 509 1423 fi
550 1340 734 1435 BH,
764 1337 1206 1439 additoque
1244 1330 1669 1413 communi
1686 1334 1877 1427 AK,
1908 1332 2060 1409 erit
2093 1330 2664 1437 re&angulum
2701 1332 2854 1409 RK
2888 1332 3224 1436 aequale

452 1477 707 1586 spatio
741 1476 1016 1553 ALH:
1082 1472 1339 1579 igit-ur
1370 1470 1579 1549 ratio
1616 1494 1866 1573 quam
1904 1467 2149 1545 habet
2184 1468 2420 1547 ALH
2459 1467 2562 1545 ad
2599 1468 2754 1546 AN
2791 1468 3068 1547 eadem
3109 1470 3224 1549 est

454 1612 749 1697 rationi
790 1614 941 1689 RK
978 1610 1083 1687 ad
1118 1610 1301 1705 AN,
1350 1607 1507 1685 hoc
1555 1608 1665 1685 est
1700 1606 1996 1684 rationi
2041 1608 2303 1683 rectae
2351 1606 2521 1684 RM
2571 1605 2676 1683 ad
2721 1604 2980 1710 ipsam
3017 1608 3216 1706 EA3

458 1753 566 1833 est
604 1772 877 1829 autem
916 1748 1085 1825 RM
1126 1743 1385 1849 major
1416 1744 1631 1823 recta
1656 1741 1833 1855 Q,
1876 1768 2128 1849 quare
2161 1742 2369 1821 ratio
2405 1744 2577 1821 ΒΜ
2615 1744 2720 1821 ad
2749 1744 2920 1843 EA,
2960 1744 3222 1849 major

458 1886 569 1972 est
603 1887 911 1966 ratione
938 1884 1085 1997 Q3
1125 1884 1231 1960 ad
1268 1884 1435 1979 EA,
1466 1880 1619 1959 hoc
1657 1882 1769 1958 est
1802 1879 2007 1957 ratio
2044 1878 2524 1958 incrementi
2549 1880 2784 1958 ALH
2822 1880 2925 1959 ad
2959 1880 3220 1960 incre·

456 2048 833 2107 mentum
858 2023 1041 2120 AN,
1077 2019 1343 2125 major
1378 2018 1489 2097 est
1523 2016 1833 2095 ratione
1858 2044 2124 2123 quam
2159 2016 2406 2095 habet
2431 2015 2750 2095 summa
2783 2018 3220 2125 reetangu-

457 2165 519 2245 li
553 2167 656 2262 O,
707 2162 853 2240 AB
890 2181 967 2239 et
1013 2155 1255 2263 ipfius
1292 2160 1378 2254 P,
1430 2156 1561 2233 BC
1597 2154 1701 2233 ad
1738 2154 2005 2258 ipsum
2039 2156 2144 2253 O,
2194 2154 2365 2234 ΑΕ.

356 2270 365 2279 .
596 2296 1211 2379 ostendendum
1258 2294 1519 2391 restat,
1568 2291 1969 2371 rationem
2002 2290 2485 2371 incrementi
2519 2292 2756 2371 ALH
2800 2292 2908 2369 ad
2955 2290 3222 2397 ipsum
3269 2274 3282 2291 ⁸

458 2440 613 2518 AN
650 2433 860 2543 poffe
896 2433 1299 2511 minorem
1350 2428 1525 2508 fieri
1572 2429 1884 2509 ratione
1932 2455 2426 2535 quacunque
2471 2428 2662 2509 data
2699 2456 2918 2535 quae
2963 2429 3224 2535 major

460 2578 572 2657 est
606 2574 920 2654 ratione
952 2567 1403 2675 recianguli
1439 2569 1544 2664 O,
1593 2567 1738 2643 AB
1776 2562 2011 2643 fimul
2042 2592 2242 2643 cum
2277 2564 2448 2671 ipso
2494 2569 2580 2665 P,
2633 2568 2765 2645 BC
2801 2567 2906 2647 ad
2953 2566 3222 2673 ipsum

460 2716 565 2814 O,
604 2713 777 2809 AE,
820 2708 973 2787 hoc
1020 2708 1133 2785 est
1176 2704 1487 2782 ratione
1522 2704 1780 2783 rectae
1816 2702 1965 2816 Q}
2002 2703 2107 2780 ad
2143 2702 2402 2807 ipsam
2437 2704 2605 2785 EA.
2677 2703 2798 2783 Sit
2831 2703 3038 2783 ratio
3073 2704 3224 2785 da..

462 2853 547 2931 ta
590 2876 682 2929 ea
718 2874 969 2955 quam
1006 2843 1251 2923 habet
1284 2842 1501 2921 resta
1534 2840 1676 2917 ΤΒ
1712 2839 1816 2918 ad
1851 2839 2112 2944 ipsam
2145 2840 2314 2937 EA,
2355 2840 2463 2919 est
2499 2840 2752 2948 igitur
2785 2842 2926 2918 ΤΒ
2963 2840 3225 2947 major

464 3014 717 3097 quam
744 2984 945 3097 ·Q3:
1016 2980 1386 3059 sumatur
1430 2978 1831 3083 punctum
1870 2976 2218 3081 quodvis
2267 2978 2338 3055 R
2375 2977 2589 3057 inter
2621 2978 2698 3055 T
2743 2996 2822 3057 et
2866 2976 2980 3080 Q,
3031 3006 3226 3084 pro·-

464 3128 815 3207 ducatur
848 3121 989 3200 RB
1024 3138 1103 3197 et
1138 3116 1505 3195 sumatur
1540 3115 1687 3191 BV
1734 3114 1975 3211 recta,
2015 3112 2618 3193 incrementum
2651 3113 2946 3194 scilicet
2981 3114 3224 3220 ipfius

464 3265 609 3343 AB
644 3259 916 3338 minor
951 3280 1205 3362 quam
1239 3254 1421 3350 TR,
1472 3272 1549 3329 et
1583 3247 1639 3329 fi
1676 3249 1882 3329 ratio
1916 3250 2398 3331 incrementi
2434 3250 2660 3357 quod
2693 3246 2928 3329 fimul
2963 3250 3060 3331 fit
3091 3250 3224 3357 ip·

466 3398 625 3481 fius
672 3400 826 3476 AD
863 3394 967 3473 ad
1014 3392 1193 3490 BV,
1242 3416 1411 3469 non
1452 3386 1733 3467 eadem
1766 3386 2013 3466 fuerit
2049 3386 2346 3466 rationi
2383 3390 2516 3467 BC
2551 3388 2656 3466 ad
2690 3389 2843 3467 AR
2880 3389 3006 3469 vel
3041 3416 3226 3469 ma-

456 3537 593 3643 jor
639 3532 833 3637 i'psa,
873 3526 1327 3611 decrescant
1360 3526 1859 3605 incrementa
1906 3521 2021 3603 ita
2067 3545 2162 3603 ut
2206 3523 2414 3605 ratio
2451 3524 2934 3605 incrementi
2979 3523 3222 3632 ipfius

466 3674 624 3755 AD
670 3669 775 3749 ad
821 3668 1418 3748 incrementum
1453 3658 1689 3741 fimul
1735 3660 2049 3740 factum
2084 3658 2329 3765 ipfius
2368 3664 2512 3741 AB
2557 3663 2839 3742 eadem
2884 3660 2980 3742 fit
3027 3664 3228 3745 rati-'-

470 3810 614 3893 oni
660 3808 795 3885 BC
840 3805 946 3884 ad
990 3804 1169 3902 AR,
1225 3801 1350 3878 vel
1395 3796 1489 3877 fit
1524 3798 1674 3877 hac
1727 3798 2035 3877 ratione
2071 3798 2332 3903 major
2380 3798 2604 3905 quod
2655 3826 2749 3879 ex
2805 3798 3230 3909 hypothesi

470 3944 649 4031 fieri
683 3943 963 4051 potest,
1004 3936 1399 4047 quoniam
1434 3935 1640 4015 ratio
1666 3936 1799 4013 BC
1834 3935 1939 4013 ad
1972 3936 2124 4013 AR
2161 3934 2436 4015 minor
2467 3934 2577 4015 est
2609 3936 2918 4017 ratione
2955 3908 3088 4019 ΒΟ
3124 3938 3232 4021 ad

469 4085 691 4200 AQ
707 4080 860 4167 hoc
899 4079 1010 4158 est
1042 4075 1451 4157 rationeO
1487 4072 1591 4151 ad
1618 4076 1719 4169 P;
1760 4069 1913 4150 fint
1948 4071 2144 4152 haec
2179 4072 2678 4152 incrementa
2701 4073 2892 4172 AG,
2927 4077 3120 4174 ΒΜ,
3150 4096 3234 4157 et

473 4218 1035 4325 compleantur
1075 4212 1543 4318 refiangula
1591 4230 1683 4289 ut
1726 4210 2043 4289 dilium
2090 4208 2278 4291 fuit.
2349 4209 2434 4289 Si
2483 4208 2737 4317 igitur
2779 4210 2987 4290 ratio
3031 4212 3226 4311 AG,

470 4356 629 4441 hoc
677 4356 787 4436 est
820 4350 1063 4459 ipfius
1100 4351 1267 4448 BL,
1306 4348 1409 4426 ad
1450 4350 1610 4427 ΒΜ
1648 4347 1925 4426 eadem
1963 4344 2058 4425 fit
2105 4346 2402 4426 rationi
2439 4348 2570 4425 BC
2609 4344 2710 4425 ad
2733 4348 2912 4445 AR,
2951 4345 3103 4426 erit
3136 4366 3234 4428 ut

474 4495 699 4603 prius
725 4490 1125 4574 ostensum
1160 4486 1249 4567 in
1274 4488 1501 4566 Parte
1528 4512 1593 4568 1.
1625 4486 1829 4564 ratio
1870 4484 2103 4589 spatii
2135 4486 2404 4585 ALH,
2433 4482 2586 4565 hoc
2623 4484 2735 4566 est
2767 4484 3225 4567 incremen-

1808 4623 1897 4699 H
