4109 5609
770 496 785 509 ·
936 416 1125 504 ³472
1568 389 1773 470 ''D‘E
1858 382 3086 479 ‘PORTSMATIBUQ

1100 608 1352 723 Qod
1386 610 1601 691 resta
1638 609 1833 689 haec
1870 610 1997 689 vel
2046 610 2198 691 erit
2234 580 2609 718 parallela
2646 611 3030 719 pofitione
3063 613 3326 713 datae,
3370 613 3498 693 vel
3533 638 3712 695 cum

964 747 1325 857 quadam
1359 750 1574 828 recta
1610 748 1714 828 ad
1750 747 2039 828 datum
2057 746 2589 857 “punctum’'
2619 772 2998 862 vergente
3031 750 3322 830 datum
3359 752 3718 832 contine-

941 882 1088 967 -bit
1122 884 1550 994 angulum.

1101 1024 1535 1129 Postquam
1570 1006 1925 1101 Porifina
1960 1020 2052 1101 in
2075 1026 2320 1127 Prop.
2347 1048 2484 1131 49.
2520 1028 2765 1107 Dom.
2791 1024 3212 1135 Matthaeo
3234 1024 3580 1103 Stewart
3613 1024 3723 1104 os·

956 1156 1415 1260 tendiffem‚
1481 1152 1765 1268 rogavi
1812 1180 1907 1239 ut
1953 1153 2570 1265 explicationem
2619 1161 2758 1268 huj
2769 1187 2864 1241 us
2912 1180 3283 1265 tentaret,
3360 1162 3590 1268 quod
3634 1162 3728 1242 de

935 1298 1285 1409 ,duabus
1320 1296 1557 1379 rectis
1595 1325 1643 1375 a
1678 1284 2005 1401 punctis
2040 1296 2254 1379 datis
2301 1298 2408 1377 ad
2455 1298 3200 1381 circumferentiam
3247 1299 3535 1380 circuli
3585 1328 3728 1405 po-

942 1434 1242 1517 ·fitione
1277 1434 1449 1515 dati
1485 1430 1801 1514 inflexis
1852 1433 2482 1544 intelligendum
2528 1434 2676 1516 effe
2722 1436 3100 1542 suspicari
3147 1464 3280 1515 me
3327 1435 3726 1517 dicebam.

960 1575 1140 1655 Post
1172 1566 1415 1654 breve
1464 1592 1789 1677 tempus
1838 1568 2142 1678 scripsit
2195 1572 2407 1653 mihi
2454 1571 2530 1652 se
2581 1573 2736 1654 hoc
2780 1600 3070 1652 verum
3117 1570 3266 1651 esse
3312 1573 3722 1671 inveniffe,

944 1733 1041 1793 -et
1080 1710 1539 1791 porismatis
1577 1709 2259 1791 constructionem
2304 1710 2724 1793 indicavit.
2831 1709 3102 1817 Magis
3153 1731 3431 1790 autem
3475 1712 3726 1817 expli·

962 1848 1127 1930 cite
1185 1872 1267 1930 et
1324 1847 1801 1957 generaliter
1858 1846 2214 1931 Porism'a
2272 1846 2388 1927 ita
2416 1868 2514 1929 ut
2575 1847 2938 1955 sequitur
2997 1848 3407 1927 enuntiari
3453 1850 3724 1954 potest.

968 1987 1167 2068 vid.
1204 1984 1403 2095 figg.
1440 1988 1565 2067 Pr.
1603 2010 1740 2093 57..

1150 2124 1329 2203 ‘SI
1388 2150 1437 2201 a
1485 2122 1809 2202 duobus
1860 2122 2189 2227 punctis
2236 2120 2448 2205 datis
2484 2122 2588 2219 A,
2629 2122 2694 2200 B
2743 2122 2848 2200 ad
2895 2039 3299 2203 circulum
3345 2119 3725 2228 positione

974 2265 1035 2305 “
1086 2261 1378 2340 datum
1410 2260 1624 2341 CDE
1658 2256 2178 2341 inflectantur
2209 2280 2637 2365 utcunque
2667 2258 2876 2339 duae
2909 2262 3168 2340 reciae
3199 2262 3372 2359 AG,
3403 2262 3536 2341 BC
3573 2257 3728 2339 cir

967 2401 1037 2441 “
1086 2396 1663 2481 cumferentiae
1721 2394 2063 2479 rursus
2038 2424 2133 2477 m
2175 2398 2285 2496 D,
2335 2396 2403 2475 E
2447 2417 2952 2478 occurrentes
2984 2430 3006 2496 3
3068 2397 3360 2502 junaa
3402 2398 3566 2477 DE
3609 2398 3728 2476 vel

970 2536 1035 2576 “‘
1087 2533 1537 2615 continebit
1571 2532 1860 2613 datum
1893 2535 2298 2645 angulum
2343 2548 2538 2614 cum
2586 2534 2800 2613 recia
2849 2535 2952 2613 ad
2997 2534 3288 2613 datum
3333 2536 3730 2640 punctum

926 2756 929 2761 ,
980 2674 1040 2714 “
1089 2692 1539 2781 vergente3.
1582 2672 1709 2753 vel
1745 2670 2122 2777 parallela
2157 2672 2307 2753 erit
2339 2672 2598 2757 rectae
2633 2668 3020 2778 pofitione
3052 2672 3315 2772 datae,
3383 2673 3508 2750 vel
3553 2694 3728 2751 ver-

970 2812 1037 2851 “
1085 2830 1223 2917 get
1258 2809 1377 2903 ad,
1398 2808 1689 2919 datum
1722 2805 2205 2915 punciumss'

1108 2946 1463 3027 Porisma
1498 2966 1773 3031 autem
1809 2944 1963 3025 hoc
2000 2944 2366 3053 generale
2401 2944 2490 3022 in
2517 2944 2684 3023 alia
2719 2946 2876 3027 tria
2909 2945 3340 3045 dividitur,
3375 2972 3726 3052 quorum

970 3083 1678 3193 investigationem
1710 3103 1804 3164 ut
1839 3081 2202 3190 sequitur
2226 3082 2315 3161 in
2341 3081 2863 3188 sequentibus
2889 3080 3572 3189 Propofitionibus
3599 3108 3722 3191 57.

962 3220 1110 3327 58.
1150 3248 1284 3332 59.
1322 3218 1659 3303 confeci.

1892 3495 1955 3571 =P
2020 3492 2096 3571 R
2161 3492 2241 3570 Ο
2309 3493 2390 3574 Ρ.
2533 3492 2782 3573 LVII.
2857 3560 2864 3569 .

1574 3696 1810 3815 Qae
1857 3696 1967 3777 est
2000 3699 2188 3779 Pars
2228 3696 2494 3804 prima
2534 3652 3108 3803 praecedentis,
3207 3752 3214 3759 -

970 3909 1040 3952 “‘
1090 3903 1571 4019 QJANDO
1604 3902 1903 3985 scilicet
1934 3904 2153 3987 reeta
2195 3930 2407 4011 quae
2426 3902 2711 4012 jungit
2755 3904 3349 3989 intersec'tiones
3395 3902 3720 3985 inflexa·

1016 4047 1277 4123 ‘rum
1310 4064 1389 4124 et
1424 4040 2121 4131 circumferentiae
2151 4040 2446 4121 datum
2477 4040 2840 4122 continet
2875 4043 3274 4151 angulum
3297 4069 3492 4125 curn
3521 4042 3716 4121 recia

1018 4185 1301 4288 ‘quae
1336 4181 1439 4261 ad
1474 4179 1767 4261 datum
1800 4178 2220 4285 punctum
2241 4176 2579 4287 vergitff’

1108 4320 1313 4401 CAQS
1362 4346 1430 4401 1.
1554 4317 1825 4400 nando
1859 4316 2166 4427 puncta
2193 4318 2302 4417 A,
2341 4316 2406 4397 B
2441 4316 2686 4399 sunt
2665 4344 2754 4399 in
2785 4318 3001 4399 recta
3039 4345 3246 4427 quae
3282 4314 3564 4399 tranfit
3597 4336 3724 4420 per

972 4476 1357 4539 centrum
1402 4454 1711 4541 circuli.
3361 4498 3372 4507 -
