4109 5609
1082 418 1313 508 nt.
1408 414 2558 511 LooAerHMm
2829 416 2846 429 ’
3123 454 3228 543 27

462 644 720 757 gebra
744 642 1111 743 traditas,
1130 631 1723 751 legarithmuni
1744 640 2090 723 minoris
2113 642 2438 727 numeri
2463 671 2510 730 a
2535 638 3028 753 logarithmo
3045 667 3228 733 ma..

450 785 684 891 joris.
720 783 819 861 In
844 779 1195 861 secundo
1218 778 1445 861 enim
1466 778 1653 859 casu
1678 778 2224 884 praecedente,
2247 776 2306 857 fi
2332 806 2380 859 a
2403 779 2898 887 logarithmo
2919 784 3048 867 EF
3069 813 3229 874 nu.-

458 920 673 1001 meri
698 921 763 1000 B
790 917 1205 999 auferatur
1223 954 1297 973 -
1318 916 1477 997 ΕΗ
1500 914 2041 1021 logarithmus
2063 913 2387 997 numeri
2409 918 2492 997 D
2511 916 2826 999 unitate
2849 920 3220 1025 minoriS,

470 1054 831 1163 eppofito
857 1050 1091 1162 figno
1124 1050 1721 1150 subtrafiioniz
1771 1050 2184 1159 reliquum
2215 1051 2370 1133 erit
2403 1052 2530 1136 EF
2563 1060 2646 1145 4-
2683 1054 2871 1159 EH,
2919 1055 3077 1143 hoc
3111 1062 3226 1145 est

470 1196 645 1293 HF,
687 1191 1008 1299 prorsus
1042 1210 1141 1270 ut
1172 1188 1265 1269 in
1298 1214 1393 1269 eo
1428 1186 1613 1271 casu
1646 1188 2049 1269 ostensum
2081 1188 2270 1273 fuit.
2363 1192 2468 1273 Et
2499 1188 2594 1276 in
2623 1190 2816 1273 casu
2845 1194 3116 1296 tertio,
3161 1192 3226 1281 fi

461 1326 943 1438 logarithmi
976 1352 1509 1408 numerorum
1556 1326 1663 1423 D,
1701 1327 1780 1404 K
1825 1325 2142 1405 unitate
2175 1324 2594 1407 minorum
2627 1324 2834 1411 fiant
2859 1368 2936 1389 ·-
2963 1332 3124 1415 ΕΗ
3151 1365 3224 1393 -ε-

470 1436 661 1567 EL‚'
686 1486 766 1545 et
800 1494 849 1545 a
881 1462 1375 1573 logarithmo
1404 1500 1479 1519 -
1509 1460 1669 1543 ΕΗ
1700 1461 2031 1567 majoris
2065 1463 2386 1544 numeri
2420 1464 2500 1543 D
2533 1462 2951 1555 auferatur
2977 1506 3054 1527 -
3081 1472 3222 1555 EI.

464 1602 1015 1711 logarithmus
1049 1598 1393 1680 minoris
1426 1596 1749 1677 numeri
1786 1600 1893 1698 K,
1942 1598 2356 1705 reliquum
2385 1600 2541 1679 erit
2575 1600 2710 1684 EL
2731 1637 2810 1661 -·
2829 1598 3018 1709 EH,
3065 1605 3226 1693 hoc

462 1740 582 1821 est
612 1740 805 1839 LH,
840 1756 941 1819 ut
972 1735 1065 1817 in
1096 1733 1271 1819 Cas.
1311 1762 1388 1842 3.
1418 1734 1827 1818 ostensum
1860 1734 2049 1819 fuit.
2128 1735 2360 1819 Utile
2387 1736 2646 1845 igitur
2679 1740 2790 1819 est
2823 1768 3227 1850 apponere

465 1875 797 1987 fignum
824 1912 899 1936 -
930 1871 1445 1983 logarithmis
1482 1893 2015 1955 numerorum
2054 1872 2211 1980 qui
2253 1872 2570 1956 unit-ate
2613 1876 2972 1969 minores
3005 1880 3222 1982 sunt,

464 2036 653 2097 mm
686 2032 787 2093 ut
818 2010 1426 2119 distinguantur
1456 2036 1507 2089 ι
1540 2008 2053 2118 logarithmis
2087 2034 2624 2093 numerorum
2659 2014 2808 2121 qui
2850 2015 3042 2099 sunt
3085 2044 3226 2099 eo·-

466 2178 661 2231 rum
696 2147 1112 2256 reciproci,
1165 2167 1247 2227 et
1280 2144 1429 2252 qui
1462 2144 1714 2225 iidem
1749 2145 1934 2227 sunt
1969 2146 2542 2255 magnitudine
2575 2174 2769 2231 cum
2801 2150 2994 2255 illis,
3037 2173 3226 2237 tum
3252 2216 3278 2243 χ

468 2308 568 2367 ut
624 2286 947 2395 regulae
990 2312 1141 2391 pro
1182 2280 1789 2389 operationibus
1830 2282 2370 2365 arithmeticis
2403 2284 2504 2365 de
2537 2282 3052 2398 logarithmis
3078 2314 3222 2403 ge.

468 2422 901 2504 neraliores
935 2421 1165 2521 fiant,
1216 2440 1311 2501 ut
1344 2418 1437 2497 in
1468 2412 1987 2526 sequentibus
2022 2417 2341 2525 plenius
2378 2421 2860 2527 apparebit-0.

1086 2692 1591 2773 PROP.
1725 2692 1909 2773 XII.
2095 2693 2608 2781 PRoB.

468 2940 841 3050 inrenire
876 2963 1465 3074 logarithmum
1496 2961 1695 3045 faeti
1726 2958 1883 3043 five
1916 2963 2298 3069 producti
2330 2994 2378 3047 a
2411 2967 2736 3053 duobus
2771 2964 3162 3057 numeris„

606 3244 809 3323 Cas,
860 3266 889 3321 1
907 3299 928 3322 .
976 3235 1335 3351 Qando
1365 3254 1707 3342 uterque
1739 3254 2128 3317 numerus
2165 3237 2426 3343 major
2457 3240 2570 3323 est
2600 3242 2942 3329 unitate„

604 3380 789 3459 Sint
818 3376 992 3456 duo
1024 3371 1349 3453 numeri
1382 3372 1481 3473 B,
1516 3374 1614 3472 C,
1676 3390 1755 3452 et
1788 3372 1941 3472 EF,
1981 3374 2133 3453 EG
2179 3374 2544 3480 ipsorum
2585 3380 3088 3489 logarithmi,
3137 3406 3228 3463 e·-

364 3624 371 3629 ὁ
468 3517 579 3597 rit
608 3516 933 3595 summa
966 3508 1647 3619 logarithmomm
1692 3504 1845 3608 EF,
1886 3510 2035 3590 EG
2085 3514 2440 3619 aequalis
2487 3514 2984 3627 logarithmo
3027 3518 3227 3601 fadi

470 3682 519 3733 a
556 3650 917 3732 numeris
954 3650 1051 3747 Β,
1090 3647 1185 3729 G.
1266 3644 1393 3725 Sit
1434 3643 1661 3753 enim
1694 3644 1795 3725 M
1828 3668 2122 3735 nume·
2733 3736 2744 3747 ‚

470 3818 609 3871 rus
646 3787 911 3867 fac'tus
942 3784 1054 3865 ab
1089 3780 1273 3889 ipfis
1310 3782 1406 3882 B,
1444 3782 1541 3881 C,
1602 3801 1682 3861 et
1727 3780 2127 3889 logarith-
2262 3763 2341 3841 A
2520 3764 2590 3845 C
2749 3768 2818 3847 Β
3125 3769 3228 3851 Μ

452 3954 657 4007 mus
690 3923 862 4029 ejus
896 3920 993 4002 fit
1024 3914 1213 4017 ΕΝ,
1264 3938 1345 3999 et
1378 3916 1773 4025 quoniam
1806 3938 1903 3997 ut
1932 3917 2129 3999 uni·
2275 3899 3226 3946 ““““““““““-“’“·““·“““·“····

448 4087 622 4166 ·tas,
660 4058 799 4141 seu
830 4062 939 4167 ᾼ,
968 4056 1086 4137 'ad
1116 4054 1469 4137 alterum
1499 4080 1595 4135 ex
1628 4054 1991 4137 numeris
2028 4056 2124 4157 C,
2265 4030 2334 4109 E
2526 4030 2614 4113 G
2750 4030 2813 4117 F
3144 4040 3226 4121 N

462 4196 585 4283 itii
616 4194 977 4305 reliquiis
1014 4194 1081 4275 B
1114 4193 1223 4301 ad
1254 4213 1697 4275 numerum
1730 4193 1829 4275 M
1854 4186 1963 4275 ab
1994 4190 2133 4301 ip-
2274 4164 3218 4215 *hd—''⁸”

464 4336 565 4421 fis
596 4334 957 4434 fastum3
1026 4328 1185 4412 hoc
1220 4328 1361 4429 est,
1410 4327 1809 4436 quoniam
1850 4326 2302 4415 ratio-cad
2331 4330 2416 4413 A
2443 4332 2728 4417 eadem
2771 4334 2886 4419 est
2911 4337 3224 4427 rationi

468 4478 569 4557 M
598 4472 707 4555 ad
741 4474 841 4574 B,
884 4472 1133 4555 'erunt
1174 4462 1455 4576 [Prop.
1498 4492 1569 4551 ι.
1602 4488 1747 4549 am:
1783 4463 1903 4576 3.]
1948 4466 2424 4580 logarithmi
2447 4468 2778 4582 hssfum
2809 4471 3225 4559 rationum

1114 4607 1119 4615 ’
1428 4611 1436 4619 “
1758 4604 1843 4684 D
1892 4622 1939 4685 α
