4109 5609
914 446 1023 511 20
1578 422 1795 508 DE
1931 422 3062 509 LIMITIBUS

904 666 985 728 et
1032 667 1455 753 propterea·
1486 645 1704 728 ratio
1732 646 1865 726 BC
1902 645 2009 727 ad
2046 648 2200 726 RA
2233 645 2496 751 major
2530 647 2642 727 est
2673 647 2988 729 ratione
3021 648 3158 727 BC
3191 648 3298 729 ad
3319 648 3534 747 AQ
3587 675 3688 731 ex

903 780 1331 893 hypothesi
1376 806 1655 865 autem
1700 784 1953 891 potest
2008 784 2218 865 ratio
2268 783 2754 865 incrementi
2805 788 3067 868 red’tae
3110 788 3266 868 AD
3319 788 3427 867 ad
3471 786 3688 868 illud

904 924 1168 1004 redtae
1212 924 1355 1001 AB
1403 920 1677 1001 minor
1723 922 1899 1003 fieri
1946 949 2440 1029 quacunque
2482 922 2796 1003 ratione
2831 950 3041 1030 quae
3081 923 3344 1029 major
3387 923 3500 1005 est
3543 952 3686 1004 ra-

910 1058 1134 1140 tione
1181 1061 1314 1139 BC
1362 1059 1467 1138 ad
1510 1060 1729 1174 AQ
1791 1057 1949 1139 fint
1994 1059 2252 1167 igitur
2284 1060 2444 1139 AG
2493 1057 2652 1141 five
2693 1061 2832 1140 LB
2869 1082 2949 1140 et
2985 1062 3178 1161 ΒΜ,
3230 1088 3514 1141 earum
3549 1061 3689 1143 ‘m-

908 1218 1347 1296 erementa‚
1388 1225 1595 1303 quae
1632 1198 2037 1277 minorem
2073 1195 2380 1277 habent
2413 1198 2817 1277 rationem
2861 1226 3117 1305 quam
3163 1200 3298 1279 BC
3343 1199 3452 1279 ad
3496 1202 3684 1299 RA,

909 1354 991 1413 et
1024 1355 1121 1415 ut
1164 1337 1302 1414 LB
1340 1334 1445 1413 ad
1480 1336 1673 1436 ΒΜ,
1722 1334 1839 1414 ita
1874 1333 2019 1413 fiat
2054 1336 2190 1413 BC
2225 1334 2330 1413 ad
2365 1336 2564 1433 TA;
2637 1334 2894 1443 igitur
2937 1336 3146 1417 ratio
3195 1338 3330 1417 BC
3375 1336 3481 1415 ad
3527 1338 3690 1418 TA

908 1470 1187 1551 minor
1230 1472 1341 1551 est
1382 1472 1697 1553 ratione
1742 1474 1874 1551 BC
1911 1472 2017 1551 ad
2054 1473 2232 1571 RA,
2275 1492 2354 1551 et
2398 1471 2551 1551 erit
2595 1474 2750 1552 TA
2785 1470 3047 1576 major
3082 1501 3332 1580 quam
3369 1476 3551 1573 RA,
3602 1492 3688 1554 et

908 1610 1053 1687 ΤΒ
1090 1608 1353 1713 major
1388 1637 1643 1715 quam
1690 1611 1860 1708 RB,
1912 1637 2164 1715 quare
2208 1610 2382 1687 TM
2434 1610 2699 1689 multo
2747 1610 3009 1715 major
3053 1611 3163 1690 est
3208 1638 3463 1717 quam
3510 1614 3687 1695 RB.

770 1838 775 1841 ,
910 1744 1053 1826 Est
1082 1746 1339 1853 igitur
1372 1746 1578 1826 ratio
1612 1748 1785 1825 TM
1823 1746 1927 1826 ad
1960 1749 2133 1845 AE,
2185 1746 2340 1826 hoc
2379 1748 2490 1827 est
2522 1747 2730 1827 ratio
2767 1748 3248 1827 incrementi
3283 1749 3522 1827 ALH
3557 1747 3688 1853 ip-

908 1880 1071 1964 fius
1108 1885 1251 1962 AC
1288 1882 1391 1963 ad
1428 1886 1580 1963 AN
1619 1884 2218 1965 incrementum
2252 1880 2493 1989 ipsius
2529 1886 2692 1984 AF,
2743 1882 3007 1991 major
3047 1885 3362 1966 ratione
3397 1887 3540 1968 RB
3577 1883 3688 1965 ad

911 2022 1087 2120 ΑΕ,
1126 2020 1283 2102 hoc
1318 2022 1429 2104 est
1464 2021 1775 2102 ratione
1808 2022 2062 2104 data.a
2177 2020 2420 2135 QE.
2455 2023 2562 2106 D.

1866 2298 1927 2375 P
1993 2297 2069 2376 R
2136 2296 2214 2375 O
2279 2296 2363 2377 P.
2499 2294 2724 2378 VIII.
2895 2374 2914 2421 ἢ

922 2572 981 2613 “
1030 2570 1121 2649 SI
1146 2570 1353 2649 duae
1386 2554 1736 2649 rationes
1762 2566 2192 2649 variabiles
2215 2566 2369 2649 fint
2397 2568 2705 2675 semper
2728 2565 2943 2649 inter
2965 2566 3044 2649 se
3068 2566 3426 2670 eaedem,
3443 2592 3684 2653 erunt

904 2710 981 2821 ·.“
1028 2708 1379 2813 rationes
1420 2734 1627 2813 quae
1662 2706 2021 2812 ipsarum
2057 2704 2246 2787 sunt
2279 2705 2618 2819 Limites
2663 2704 2878 2787 inter
2911 2704 2989 2787 se
3023 2706 3428 2790 eaedem.’'

1016 2983 1387 3064 Rationis
1415 2984 1555 3062 AB
1584 2982 1689 3061 ad
1712 2982 1847 3061 BC
1870 2981 2102 3063 limes
2136 2979 2234 3061 fit
2265 2980 2474 3060 ratio
2495 2980 2638 3061 AB
2675 2980 2781 3061 ad
2807 2984 2978 3083 BD,
3009 2982 3164 3065 hoc
3199 2982 3311 3063 est
3341 2980 3440 3064 fit
3475 2983 3684 3063 ratio

920 3123 1067 3200 AB
1104 3122 1209 3200 ad
1243 3122 1377 3201 BC
1412 3120 1721 3225 semper
1752 3118 2027 3197 minor
2061 3118 2374 3199 ratione
2417 3118 2560 3197 AB
2597 3118 2704 3199 ad
2738 3120 2914 3219 BD,
2959 3120 3096 3201 sed
3131 3148 3344 3228 quae
3387 3120 3680 3229 poterit

921 3258 1101 3338 fieri
1136 3257 1394 3361 major
1438 3254 1727 3363 quavis
1766 3253 2008 3334 ratio·

922 3423 1028 3475 ne
1054 3422 1263 3501 quae
1287 3391 2006 3474 minorestratione
2145 3412 2224 3489 A
2863 3410 2931 3489 Β
3334 3410 3438 3493 ,1)
3483 3410 3552 3490 Ε
3617 3410 3685 3489 C

920 3536 1081 3613 AB
1130 3531 1234 3609 ad
1282 3533 1478 3627 BD3
1551 3528 1679 3609 vel
1725 3548 2006 3607 contra
2146 3544 3690 3587 -———-——·-2·-————-¹-¹--

920 3668 1016 3749 fit
1052 3668 1259 3746 ratio
1294 3668 1434 3746 AB
1472 3666 1574 3745 ad
1620 3666 1755 3744 BC
1790 3665 2001 3744 sem-

923 3832 1067 3911 per
1100 3802 1361 3908 major
1384 3801 1689 3882 ratione
1713 3803 1855 3880 AB
1894 3802 2001 3881 ad

925 3943 1099 4043 BD,
1128 3941 1263 4021 sed
1288 3968 1493 4048 quae
1526 3939 1803 4019 minor
1824 3936 2001 4018 fieri

2223 3764 2274 3815 a
2845 3716 3038 3815 b''
3306 3734 3579 3815 dc

2221 3868 3590 3909 ...-..-...............=.-—..-..s...-...-

1026 4218 1055 4251 ⁸
1090 4210 1171 4275 Et
1193 4224 1365 4295 patet
1398 4210 1666 4276 eandem
1699 4208 2017 4277 rationem
2050 4208 2316 4274 limitem
2349 4203 2468 4273 effe
2497 4203 2763 4273 rationis
2797 4204 3381 4282 decrementorum,
3417 4207 3682 4291 quando

926 4312 1124 4377 latera
1152 4312 1625 4373 diminuuntur.

1022 4410 1201 4475 Huic
1236 4398 1677 4492 propofi'tionL
1712 4404 1779 4471 in
1806 4406 2009 4491 priori
2042 4406 2346 4471 tractatus
2379 4402 2569 4480 huius
2597 4405 2944 4489 exemplari
2977 4403 3126 4471 MS.
3153 4404 3370 4467 addita
3398 4401 3525 4468 fuit
3560 4401 3684 4470 alia

928 4508 1120 4605 etiam
1144 4508 1223 4575 de
1240 4507 1638 4599 reekangulo,
1672 4504 1885 4575 casum
1910 4506 2172 4597 quando
2193 4506 2358 4574 latus
2379 4524 2584 4573 unum
2607 4520 2902 4595 augetur,
2925 4505 3200 4573 alterum
3223 4524 3380 4572 vero
3401 4503 3682 4595 diminui·-
