4109 5609
932 432 990 515 6
1604 428 1803 507 ‘DE
1880 428 3046 515 ·L.O··GAR1THM{S.

940 690 953 709 ι
1054 649 1389 737 -Siwero
1423 645 1517 727 fit
1551 646 1759 728 ratio
1793 648 1969 729 HG
2002 649 2112 729 ad
2147 650 2292 729 GF
2327 650 2668 729 minoris
2707 633 2809 731 ad
2855 653 3276 756 majorem,
3334 650 3711 739 sumatur

924 786 1149 867 Tatio
1203 788 1391 865 MG
1440 785 1546 866 ad
1604 787 1748 865 GF
1784 814 1993 893 quae
2050 814 2149 867 ex
2200 787 2663 867 rationibus
2725 790 3220 869 radicalibus
3273 788 3712 896 composita
3829 878 3848 897 .

932 923 1308 1031 ‚proxime
1366 923 1627 1030 major
1671 924 1782 1003 est
1840 924 2150 1005 ratione
2197 926 2370 1003 HG
2423 925 2526 1004 ad
2571 926 2742 1024 GF,
2819 947 2898 1006 et
2947 928 3154 1009 ratio
3199 929 3366 1007 NG
3413 928 3522 1007 ad
3574 929 3714 1007 GF

927 1089 1154 1170 quae
1188 1090 1283 1143 ex
1316 1061 1602 1141 iisdem
1637 1060 2078 1169 compofita
2119 1062 2490 1168 proxime
2533 1064 2818 1142 minor·
2853 1062 2964 1143 est
3009 1064 3292 1145 eadem
3337 1066 3707 1165 rationeg

937 1222 1021 1282 et
1077 1198 1233 1281 fint
1304 1202 1501 1316 KO,
1566 1200 1743 1297 KP,

939 1336 1457 1447 Logarithmi
1595 1336 1749 1415 ha·
1888 1316 1947 1393 F
2636 1316 2740 1407 M
2803 1318 2892 1393 H
2927 1317 3006 1395 N
3625 1317 3708 1395 G

932 1503 1131 1555 rum
1154 1473 1772 1580 rationum,qui‚
1864 1452 3700 1493 ——............2-..·-....-.....--..—-..

925 1611 1195 1693 iidem
1274 1612 1471 1692 sunt
1554 1638 1749 1692 cum
1888 1586 1969 1671 K
2449 1590 2530 1669 0
2601 1590 2668 1667 L
2763 1590 2823 1665 P

940 1748 1497 1859 Logarithmis
1540 1749 1749 1829 rati-
1898 1724 2798 1763 *b*—
3003 1776 3012 1783 ·

926 1914 1205 1969 onum
1242 1888 1389 1967 :FG
1438 1886 1545 1966 ad
1591 1887 1802 1986 GM,
1855 1906 1946 1967 et
1984 1884 2135 1965 FG
2177 1886 2292 1967 ad
2337 1888 2530 1987 GN,
2595 1908 2674 1967 et
2719 1889 3210 1997 magnitudo
3256 1892 3434 1990 KL,
3505 1918 3713 1998 quae

938 2025 1255 2132 semper
1284 2030 1548 2130 major
1570 2025 1693 2104 est
1726 2026 1881 2105 ΚΟ
1928 2044 2007 2105 et
2051 2022 2327 2105 mimi·
2372 2052 2626 2132 quam
2673 2028 2838 2131 KP,
2903 2028 3227 2107 dicatur
3269 2029 3712 2137 Logarith·

934 2190 1132 2243 mus
1168 2163 1505 2244 rationis
1541 2163 1715 2241 HG
1746 2160 1857 2240 ad
1895 2162 2070 2260 GF,
2137 2162 2312 2267 qui,
2375 2184 2470 2243 ut
2505 2183 2752 2268 patet,
2802 2162 3026 2243 idem
3063 2166 3174 2245 est
3208 2193 3402 2245 cum
3439 2168 3710 2275 Loga-

934 2300 1251 2381 -rithmo
1284 2299 1623 2381 rationis
1658 2300 1799 2379 FG
1826 2297 1941 2377 ad
1986 2299 2191 2380 GH.

1082 2574 1305 2656 COR.
1350 2600 1423 2657 1..
1491 2574 1718 2655 Hinc
1755 2572 2337 2681 Logarithmus
2375 2572 2712 2653 rationis
2749 2576 3107 2682 aequalis
3147 2575 3252 2654 ad
3289 2578 3708 2683 aequalem

930 2710 1057 2791 est
1098 2710 1408 2791 nullius
1447 2708 2043 2819 magnitudinis
2079 2707 2238 2788 five
2271 2712 2380 2789 est
2416 2709 2653 2791 nihil.

1080 2848 1203 2928 Sit
1248 2848 1470 2927 enim
1516 2849 1723 2928 ratio
1766 2849 1909 2927 AB
1954 2846 2066 2926 ad
2111 2849 2281 2946 BA,
2335 2848 2692 2953 aequalis
2731 2848 2838 2927 ad
2875 2852 3321 2956 aequalem,
3391 2872 3472 2931 et
3519 2848 3580 2929 fi
3623 2879 3710 2931 e·

924 2986 1071 3091 jus
1120 2984 1697 3093 Logarithmus
1746 2984 2042 3065 habeat
2075 2985 2332 3063 ullam
2367 2984 3059 3092 magnitudinem,
3123 2986 3218 3067 fit
3253 3014 3344 3067 ea
3379 2988 3712 3096 magni-

938 3122 1147 3208 tudo
1180 3126 1347 3223 DF,
1382 3144 1463 3203 et
1498 3142 2037 3227 componatur
2073 3120 2470 3228 assumpta
2507 3122 2712 3202 ratio
2748 3125 2890 3210 AB
2927 3126 3030 3203 ad
3069 3126 3201 3205 BC
3237 3154 3334 3204 ex
3365 3126 3709 3207 rationi-

940 3260 1133 3370 bus,
1183 3288 1537 3367 quarum
1572 3286 1960 3339 numerus
1996 3258 2259 3364 major
2301 3258 2398 3338 fit
2445 3287 2605 3337 nu-

942 3426 1171 3480 mero
1194 3396 1555 3503 partium
1579 3393 1722 3501 ipfi
1746 3398 1884 3475 DF
1910 3396 2376 3502 aequalium
2401 3423 2608 3502 quae
2743 3376 2820 3451 Α
2857 3376 2940 3453 G
3385 3378 3458 3456 C
3643 3379 3707 3457 Β

944 3536 1039 3617 in
1096 3532 1495 3641 assumpta
1557 3531 2130 3642 magnitudine
2197 3534 2346 3613 DE
2405 3562 2605 3614 con-
2735 3510 3704 3549 ‘'L-*d*-

946 3673 1339 3755 tinentur.
1444 3670 1708 3781 Igitur
1768 3670 2163 3777 quoniam
2211 3698 2602 3752 numerus
2741 3646 2820 3722 D
2847 3646 3018 3737 HF
3597 3648 3662 3727 Ε

948 3808 1311 3919 partium
1334 3808 1818 3890 radicalium
1840 3808 2104 3914 major
2127 3808 2238 3889 est
2262 3836 2606 3891 numero

948 3947 1311 4057 partium
1332 3946 1423 4027 in
1446 3948 1595 4027 DE
1618 3946 2084 4054 aequalium
2107 3944 2254 4054 ipsi
2277 3950 2442 4047 DF,
2483 3974 2648 4026 una
2681 3972 2778 4027 ex
2811 3946 3182 4051 partibus
3215 3946 3706 4031 radicalibus

946 4086 1225 4168 minor
1246 4085 1399 4166 erit
1430 4112 1689 4193 quam
1710 4086 1872 4165 DF.
1942 4083 2066 4165 Sit
2097 4084 2306 4166 ratio
2339 4086 2482 4164 AB
2517 4084 2622 4165 ad
2649 4084 2800 4163 BG
2823 4082 3089 4190 prima
3121 4084 3544 4167 rationum
3578 4114 3708 4165 ra-

947 4223 1373 4325 dicalium‚
1410 4250 1621 4331 quae
1654 4242 2072 4329 proptera
2105 4224 2216 4303 est
2249 4222 2516 4330 prima
2547 4248 2759 4330 quae
2789 4220 3054 4327 major
3085 4222 3198 4301 est
3229 4221 3546 4305 ratione
3567 4224 3706 4303 AB

948 4362 1061 4444 ad
1096 4364 1267 4461 BA,
1313 4382 1397 4442 et
1427 4359 1524 4441 fit
1554 4362 1725 4441 DH
1771 4360 2039 4466 prima
2083 4361 2444 4468 partium
2489 4358 3014 4457 radicalium3
3065 4358 3218 4441 erit
3250 4358 3510 4468 igitur
3541 4363 3706 4440 ΠΗ

951 4499 1229 4581 minor
1261 4502 1428 4598 DF,
1490 4524 1585 4579 ex
1627 4497 2124 4580 Definitione
2166 4526 2356 4580 vero
2395 4526 2470 4604 3.
2515 4500 2688 4579 DH
2731 4496 3312 4607 Logarithmus
3357 4498 3464 4581 sc.
3511 4497 3706 4578 rati·-
