4109 5609
1132 456 1313 538 DE
1402 454 2550 541 LOGARITHMIS.
3113 477 3210 537 αι

472 680 614 759 FG
649 676 753 756 ad
791 674 993 774 GH,
1030 690 1113 753 et
1140 676 1316 755 HG
1348 674 1455 754 ad
1488 674 1649 755 GO
1692 678 1955 779 major
1994 672 2318 755 summa
2359 669 3044 784 loga-rithmorum
3085 698 3224 755 ra-

472 812 802 894 tionum
832 810 973 891 FG
1009 808 1117 889 ad
1147 811 1350 911 GH,
1387 831 1467 891 et
1500 812 1674 890 HG
1719 808 1828 889 ad
1858 810 2060 902 GK3
2128 810 2416 919 igitur,
2461 809 2734 890 ablato
2767 809 3220 905 communig

470 946 1011 1057 logarithmus
1044 944 1381 1027 rationis
1414 944 1589 1027 HG
1624 946 1729 1025 ad
1764 946 1925 1025 GO
1968 943 2232 1051 major
2273 946 2384 1026 est
2427 944 2921 1055 logarithmo
2963 943 3222 1025 ratio-

468 1084 599 1165 nis
636 1084 809 1163 HG
843 1082 949 1162 ad
982 1083 1143 1161 GK
1158 1113 1184 1179 ;
1257 1108 1509 1188 quare
1539 1102 1620 1162 et
1653 1080 1859 1162 ratio
1896 1083 2068 1161 HG
2103 1082 2210 1161 ad
2241 1082 2400 1162 GO
2443 1080 2708 1187 major
2747 1081 2862 1163 est
2901 1079 3218 1161 ratione

391 1292 396 1297 ,
467 1220 641 1301 HG
678 1218 784 1298 ad
816 1220 1007 1315 GK,
1055 1216 1280 1324 quod
1315 1215 1491 1297 fieri
1523 1243 1696 1297 non
1729 1217 1980 1325 potest
1998 1248 2019 1307 ;
2091 1216 2346 1327 igitur
2389 1218 2558 1296 LM
2592 1244 2764 1299 non
2795 1215 3076 1297 minor
3102 1214 3217 1297 est

466 1381 725 1463 quam
756 1354 935 1453 LN,
981 1372 1062 1432 et
1094 1352 1399 1433 ostensa
1430 1352 1593 1435 fuit
1624 1380 1795 1435 non
1828 1352 2136 1458 major3
2208 1353 2566 1461 aequalis
2610 1352 2868 1463 igitur
2899 1350 3014 1433 est
3041 1350 3216 1433 LM

464 1488 613 1599 ipfi
643 1491 823 1573 LN.

599 1628 727 1707 Co
741 1650 824 1707 R.
892 1624 1119 1705 Idem
1166 1625 1704 1708 Corollarium
1745 1623 1943 1707 hinc
1985 1625 2377 1736 sequitur,
2426 1624 2656 1732 quod
2711 1650 2810 1706 ex
2861 1628 3096 1733 Prop.
3131 1650 3214 1731 5.

464 1761 867 1845 ostensum
900 1761 1035 1845 est.

1432 2034 1932 2117 PROP.
2069 2032 2212 2118 IX.

464 2311 523 2353 “
569 2307 673 2387 SI
735 2332 906 2385 una
962 2304 1171 2385 ratio
1229 2302 1769 2410 multiplicata
1812 2304 2063 2385 fuerit
2130 2302 2456 2386 alterius
2515 2304 2882 2407 rationis,
2953 2330 3208 2414 quam

464 2446 525 2487 “
572 2441 1112 2547 multiplicata
1145 2441 1255 2521 est
1290 2468 1383 2521 ea
1414 2440 1773 2549 alterius»,
1814 2464 1987 2524 tam
2020 2440 2448 2547 multiplex
2481 2440 2632 2521 erit
2664 2442 3204 2552 logarithmus

466 2582 525 2623 ‘⁸
573 2578 741 2687 ejus
778 2576 1251 2687 logarithmi
1284 2574 1687 2661 alteriuS.”

595 2850 779 2931 Sint
823 2850 1047 2931 enim
1088 2850 1262 2951 AB,
1298 2850 1461 2951 BC,
1498 2850 1674 2950 BD,
1712 2849 1877 2949 BE,
1917 2848 2076 2931 ὅτε.
2123 2848 2499 2955 deinceps
2533 2850 3198 2957 proportionaleS,

462 3008 700 3066 erunt
734 2986 989 3095 igitur
1019 2986 1368 3067 rationes
1406 2986 1717 3092 primae
1752 2987 1856 3066 ad
1891 2986 2356 3085 secundam,
2404 2985 2796 3067 secundae
2827 2988 2932 3067 ad
2977 2986 3208 3068 tertiss-

460 3150 625 3223 am,
666 3124 826 3206 &c.
860 3123 1075 3203 inter
1106 3122 1183 3201 se
1216 3123 1584 3221 eaedem3
1633 3148 1882 3227 quare
1916 3142 1996 3202 et
2031 3119 2501 3228 logarithmi
2536 3149 2816 3202 earum
2848 3123 3052 3204 sunt·
3069 3124 3204 3203 in-

456 3278 581 3339 ter
612 3258 690 3339 se
723 3260 1119 3367 aequales»,
1174 3254 1445 3366 [Prop.
1486 3284 1563 3340 2.
1598 3260 1723 3337 vel
1763 3254 1881 3365 3.]
1952 3256 2074 3337 Sit
2109 3257 2250 3336 FG
2286 3257 2828 3369 legarithmus
2858 3260 3197 3341 rationis

456 3396 599 3474 AB
636 3395 742 3474 ad
776 3398 938 3494 BC,
988 3416 1066 3475 et
1104 3394 1279 3475 GH

456 3530 995 3639 logarithmus
1078 3530 1280 3609 rati·
1414 3508 1495 3587 A
1538 3507 1605 3586 C
1694 3506 1773 3587 D
1822 3506 1891 3587 E
3125 3506 3194 3587 B

454 3666 634 3749 onis
708 3668 845 3746 BC
923 3665 1028 3745 ad
1107 3669 1278 3749 BD.
1426 3641 3200 3685 -’“-“““““’-““““““““-“““““““““““““

454 3800 878 3915 Qoniam
1010 3800 1267 3909 igitur
1417 3772 1476 3851 F
1534 3772 1619 3852 G
1684 3774 1777 3852 H
1820 3776 1899 3853 K

449 3938 661 4017 ratio
725 3939 870 4017 AB
931 3936 1037 4016 ad
1104 3938 1278 4036 BD,
1414 3906 2292 3951 *hh—’-

448 4072 861 4178 duplicata
916 4070 1213 4155 scilicet
1268 4070 1603 4153 rationis
1660 4075 1815 4153 AB
1874 4074 1982 4155 ad
2040 4080 2106 4155 B
2123 4078 2218 4176 C,
2290 4076 2722 4183 compofita
2767 4081 2877 4159 est
2899 4106 3016 4163 'ex
3047 4112 3220 4165 ·ra·--

450 4207 817 4290 tionibus
861 4210 1018 4288 AB
1068 4208 1173 4288 ad
1216 4209 1390 4307 BC,
1444 4229 1523 4289 et
1568 4210 1715 4289 BC
1762 4210 1866 4289 ad
1911 4215 2098 4313 BD,
2164 4211 2314 4292 erit
2357 4213 2897 4323 logarith'rnus
2939 4220 3194 4300 ratio-

448 4342 579 4424 nis
614 4346 757 4423 AB
805 4344 912 4425 ad
954 4346 1101 4423 BD
1146 4344 1500 4451 aequalis
1544 4342 1692 4451 ipfi
1737 4346 1886 4425 FH
1929 4345 2294 4428 summae
2338 4350 3016 4459 logarithmorum
3059 4382 3194 4434 ra-

449 4479 773 4567 tionum
804 4482 949 4565 AB
985 4479 1091 4563 ad
1126 4480 1287 4582 BC,
1336 4500 1415 4561 et
1458 4480 1592 4565 BC
1635 4481 1741 4566 ad
1786 4482 1959 4583 BD,
2012 4478 2297 4597 [Prop..
2321 4512 2404 4591 5,
2442 4508 2584 4571 aut
2621 4486 2702 4589 6,
2745 4515 2822 4599 7,
2867 4486 2994 4602 8.·]·
3033 4490 3193 4573 hoc·
