4109 5609
1078 402 1262 485 DE
1362 398 2568 487 PolztsMATmUS.
3031 428 3196 515 μς,

1334 620 1393 701 Ρ
1456 620 1533 701 R
1602 618 1681 701 Ο
1748 622 1832 702 P.
1970 620 2284 703 XXIX.

444 828 680 941 Qae
726 822 837 905 est
883 826 1113 928 Prop.
1165 824 1345 929 138.
1392 821 1579 905 Lib.
1622 848 1697 931 7.
1744 816 2024 931 pappi,
2075 841 2156 902 et
2183 822 2544 903 'Lemma
2590 822 2757 929 ejus
2805 764 3199 909 duodeci-.-

563 982 567 987 ’
1363 986 1603 1039 mum
1636 958 1730 1039 in
1762 958 2226 1042 porismata.
2271 1004 2282 1015 ·

446 1167 629 1246 HIS
664 1184 937 1243 autem
970 1138 1565 1261 demonstratis,
1614 1188 1837 1243 nunc
1884 1161 2476 1243 ostendendu'm
2511 1162 2648 1262 est,
2701 1166 2759 1205 “
2797 1164 2885 1244 Si
2930 1166 3198 1270 paral-

446 1308 503 1348 “
552 1303 747 1381 lelae
776 1295 931 1377 fint
965 1301 1139 1397 AB,
1179 1300 1349 1396 CD,
1416 1318 1659 1403 atque
1702 1296 1794 1376 in
1838 1295 2046 1403 ipsas
2095 1298 2466 1379 incidant
2499 1299 2904 1405 quaedam
2939 1302 3200 1382 re'd’tae

448 1444 505 1484 ‘⁶
557 1438 811 1517 lineae
853 1438 1038 1532 AD,
1086 1436 1250 1532 AF,
1301 1436 1464 1533 BC,
1512 1436 1666 1534 BF,
1719 1436 1777 1479 “
1816 1460 2174 1540 quarum
2217 1438 2401 1536 AD,
2453 1437 2584 1517 BC
2631 1458 3060 1519 occurrant
3103 1437 3197 1520 in

446 1580 505 1619 ‘⁶
552 1570 732 1673 M‚”
782 1592 863 1651 et
908 1572 1071 1671 EC,
1126 1573 1271 1650 ΕΙ)
1308 1570 1820 1679 jungantur3
1891 1572 2198 1652 tetstam
2243 1570 2544 1653 lineam
2591 1570 2739 1653 effe
2799 1600 3008 1679 quae
3053 1602 3196 1681 per

444 1717 502 1754 ‘⁶
555 1712 667 1811 G,
706 1710 834 1808 M,
873 1710 951 1787 K
986 1708 1290 1813 punsta
1322 1704 1675 1788 tranfit.”

825 1846 1009 1929 Hoc
1046 1842 1309 1953 magis
1347 1842 1715 1947 explicite
1748 1843 2224 1923 enuntiatur
2253 1861 2349 1922 ut
2383 1844 2780 1951 sequitur,

444 1986 502 2025 “
550 1980 655 2092 SI
702 1981 913 2059 inter
956 1980 1159 2059 duas
1208 1980 1621 2084 parallelas
1666 1981 1855 2079 AB,
1894 1982 2051 2059 CD
2099 1981 2506 2060 ducantur
2547 1982 2758 2061 duae
2791 1984 3052 2065 recitae
3085 1984 3190 2065 li:-

442 2124 501 2161 “
551 2144 745 2196 neae
778 2119 962 2216 AD,
1000 2116 1164 2214 BC,
1213 2136 1293 2195 et
1328 2144 1373 2195 a
1408 2116 1733 2221 punffis
1769 2118 1873 2216 A,
1915 2118 1981 2195 B
2028 2143 2238 2221 quae
2279 2116 2467 2196 sunt
2512 2118 2602 2197 in
2647 2145 2815 2197 una
2851 2121 3194 2225 paralle-

443 2258 503 2298 “
540 2254 806 2332 larum
839 2248 1359 2331 infle&anmr
1392 2252 1497 2330 ad
1530 2252 1930 2357 reliquam
1968 2254 2112 2331 CD
2147 2252 2356 2331 duae
2401 2257 2658 2335 metae
2690 2238 2855 2356 AF,
2893 2258 3060 2356 BF;
3111 2278 3193 2339 et

442 2394 503 2435 “
550 2418 599 2467 a
632 2388 963 2497 reliquis
998 2386 1325 2495 pune‘tis
1364 2388 1457 2487 C,
1494 2390 1604 2488 D,
1644 2388 1750 2467 ad
1783 2392 1925 2469 AB
1962 2386 2486 2470 inficetantur
2521 2394 2682 2492 GE,
2721 2394 2867 2472 DE
2886 2427 2910 2492 3
2973 2396 3191 2475 reeta

446 2529 501 2569 ‘⁸
549 2525 763 2605 linea
794 2526 975 2603 GK
1020 2552 1229 2631 quae
1276 2520 1556 2604 tranfit
1600 2552 1743 2631 per
1786 2526 2380 2606 intersecstiones
2426 2528 2540 2628 G,
2579 2532 2659 2608 K
2703 2526 3190 2611 inflexamm

442 2664 501 2706 “
553 2688 760 2767 quae
802 2658 1017 2740 fiunt
1050 2688 1099 2739 a
1144 2660 1379 2740 restis
1428 2686 1635 2767 quae
1681 2688 1849 2743 non
1895 2658 2430 2742 inflefluntur
2467 2691 2516 2742 a
2561 2665 2932 2746 terminis
2979 2661 3190 2771 ejus-

442 2802 503 2843 “
548 2799 742 2878 dem
774 2796 1091 2895 duetae,
1131 2816 1405 2903 verget
1458 2797 1563 2876 ad
1607 2800 2014 2903 punstum
2059 2800 2158 2877 M
2201 2799 2844 2883 intersecffionem
2891 2801 3190 2883 scilicet

443 2936 500 2977 ‘⁶
548 2933 985 3015 dmstarum
1015 2934 1199 3031 AD,
1240 2928 1451 3013 BC.”

572 3204 997 3319 Qoniam
1028 3204 1251 3285 enim
1283 3204 1793 3313 triangulum
1825 3206 1937 3285 est
1958 3208 2209 3308 -DAF,
2273 3182 2578 3317 ipsique
2619 3208 2760 3289 DF
2805 3206 3180 3315 parallela

436 3342 545 3424 est
577 3344 753 3443 AE,
800 3363 881 3423 et
913 3342 1161 3421 dueta
1194 3342 1305 3421 est
1336 3344 1471 3423 EC
1504 3344 1989 3424 conveniens
2022 3370 2220 3425 cum
2251 3346 2390 3425 DF
2422 3346 2516 3427 in
2547 3348 2644 3445 C,
2695 3366 2776 3427 et
2819 3370 3016 3426 cum
3047 3346 3180 3453 ip-

432 3478 529 3561 fis
566 3482 731 3579 AF,
766 3480 925 3559 AD
968 3479 1061 3557 in
1105 3479 1220 3578 G,
1257 3480 1376 3579 H,
1425 3478 1604 3578 erit,
1654 3506 1795 3585 per
1838 3501 2156 3561 antece-

432 3618 633 3697 dens
680 3614 1049 3715 Lemma,
1097 3614 1203 3697 sc.
1248 3618 1481 3721 Prop.
1536 3617 1667 3699 28.
1729 3637 1823 3696 ut
1856 3619 2007 3696 DF
2052 3616 2160 3696 ad
2342 3609 2416 3675 A
2743 3604 2802 3675 Ε
3087 3608 3146 3675 Β

432 3754 602 3852 FC,
650 3750 767 3831 ita
811 3750 1377 3859 restangulum
1421 3752 1601 3851 CE,
1638 3753 1830 3831 GH
1876 3754 1982 3833 ad
2026 3751 2158 3859 ip-
2430 3737 3113 3972 mv

434 3891 616 3969 sum
650 3888 830 3987 CG,
869 3888 1051 3969 HE.
1126 3887 1431 3993 Rursus
1468 3889 1868 3993 quoniam
1902 3888 2162 3969 trian-
2287 3944 2292 3949 -
2436 3783 2707 4024 »b
2749 3909 2881 4010 j

436 4027 729 4134 gulum
764 4024 875 4103 est
904 4024 1124 4122 CBF,
1172 4046 1251 4104 et
1285 4022 1429 4130 ipfi
1464 4026 1609 4105 CD
1644 4026 2017 4131 parallela
2052 4026 2162 4107 est
2387 3988 2450 4050 G
2506 3995 2693 4089 l
2798 3771 3125 4176 «4
3257 4054 3266 4061 ·

2535 4220 2588 4288 F
3018 4224 3086 4291 D

430 4162 599 4261 BE,
646 4160 1071 4277 duetaque,
1087 4160 1199 4239 est
1242 4162 1388 4239 ED
1433 4160 1919 4243 conveniens
1966 4188 2162 4243 cum
2295 4218 2352 4286 c

437 4300 559 4379 CF
594 4296 685 4375 in
715 4298 823 4394 D,
860 4316 941 4375 et
974 4322 1169 4377 cum
1201 4294 1385 4402 ipsis
1419 4298 1581 4397 BC,
1627 4300 1751 4377 BF
1782 4298 1873 4379 in
1907 4299 2005 4399 L,
2035 4302 2186 4397 K;”

436 4432 576 4517 fiet
607 4454 705 4517 ut
738 4434 863 4516 CF
896 4432 1005 4514 ad
1036 4434 1201 4534 FD,
1239 4433 1354 4517 ita
1387 4436 1953 4551 redtangulum
1984 4438 2162 4541 DE,
2191 4436 2336 4523 KL
2373 4440 2480 4525 ad
2504 4440 2770 4553 ipsum
2791 4444 2978 4547 DK',
3004 4443 3171 4544 LE,
