4109 5609
900 375 1060 456 320
1692 340 2868 425 PRAEFATIO.

902 566 1246 646 tationes
1284 561 1385 642 de
1418 560 1569 642 hac
1608 587 1691 640 re
1728 562 2090 640 multum
2126 559 2338 638 mihi
2371 561 2760 666 temporis
2799 560 3471 669 consumpserint,
3533 587 3658 644 at·

902 730 1065 810 que
1104 700 1437 781 tandem
1484 700 1857 778 molestae
1902 698 2380 779 admodum.
2401 697 2822 798 evaserint,
2897 698 3241 780 firmiter
3284 703 3664 782 animum

903 839 1195 920 induxi
1254 837 1450 918 haec
1502 864 1935 943 nunquam
1986 835 2076 914 in
2137 837 2545 941 posterum
2595 835 3124 945 investigare3
3200 839 3664 944 praesertim

902 1005 1097 1058 cum
1130 976 1491 1083 optimus
1528 975 1967 1054 Geometra
2002 972 2374 1052 Halleius
2413 973 2636 1078 spem
2681 999 3016 1052 omnem
3062 975 3162 1053 de
3207 975 3307 1055 iis
3355 976 3662 1055 intelli-

900 1116 1189 1224 gendis
1252 1109 1673 1217 abjecisset.
1786 1109 2036 1190 Unde
2097 1109 2414 1216 quoties
2476 1111 2736 1190 menti
2785 1088 3347 1211 occurrebant,
3421 1113 3658 1192 toties

902 1279 1035 1333 eas
1090 1251 1490 1332 arcebam.
1607 1250 1875 1328 Postea
1922 1269 2198 1327 tamen
2245 1247 2569 1347 accidit,
2616 1268 2712 1326 ut
2759 1247 3321 1354 improvidum
3359 1271 3437 1328 et
3473 1278 3664 1355 pro-

903 1387 1135 1497 pofiti
1172 1389 1740 1467 immemorem
1778 1385 2245 1485 invaserint,
2297 1411 2591 1491 meque
2635 1383 3135 1464 detinuerint
3181 1387 3435 1466 donec
3475 1409 3664 1466 tan-

902 1528 1095 1606 dem
1131 1528 1270 1606 lux
1305 1524 1707 1631 quaedam
1742 1521 2120 1601 effulserit
2170 1549 2378 1628 quae
2423 1522 2648 1629 spem
2693 1522 2906 1602 mihi
2953 1523 3302 1603 faciebat
3337 1524 3661 1603 inveni-

902 1663 1095 1744 endi
1148 1664 1429 1743 saltem
1488 1661 1738 1767 Pappi
1788 1657 2416 1766 propositionem
2461 1659 2947 1768 generalem,
3021 1688 3274 1766 quam
3323 1662 3664 1768 quidem

888 1802 1167 1880 xmulta
1200 1799 1812 1907 investigatione
1858 1796 2194 1876 tandem
2229 1796 2562 1880 restitui.
2633 1799 2860 1877 Haec
2899 1819 3174 1876 autem
3213 1800 3454 1904 paulo
3491 1800 3662 1904 post

904 1962 1071 2018 una
1108 1966 1302 2019 cum
1337 1935 1770 2017 Porismate
1807 1934 2075 2040 primo
2112 1935 2254 2016 lib.
2295 1935 2349 2016 i.
2399 1931 2771 2041 impressa
2805 1934 2918 2014 est
2951 1934 3165 2014 inter
3199 1936 3662 2016 Transaffl-

902 2103 1099 2156 ones
1136 2071 1729 2180 Philosophicas
1769 2073 1965 2152 anni
2014 2099 2250 2182 1723.
2298 2074 2455 2182 N0.
2507 2098 2684 2182 177.

1034 2213 1462 2328 Qoniam
1500 2233 1777 2291 autem
1812 2237 1905 2290 eo
1943 2232 2306 2315 tempore
2341 2210 2877 2289 Porismatum
2911 2232 3293 2291 naturam
3328 2240 3498 2291 non
3535 2211 3658 2290 sa-

903 2349 1009 2432 tis
1048 2351 1537 2456 perspec‘iam
1574 2348 2007 2448 habebam,
2060 2347 2286 2428 lubet
2322 2375 2544 2428 nunc
2579 2376 2760 2428 eam
2795 2349 3268 2453 explicatius
3315 2349 3654 2450 tradere,

904 2507 1001 2568 ut
1048 2488 1200 2567 hoc
1248 2515 1503 2596 genus
1552 2483 2221 2592 propositionum,
2273 2509 2351 2564 et
2397 2486 2530 2564 via
2577 2515 2742 2592 qua
2788 2483 3404 2594 investigantur,
3457 2513 3660 2592 quae
3733 2485 3738 2489 ’

908 2625 1387 2704 Geometras
1426 2653 1470 2702 a
1518 2647 1879 2729 tempore
1926 2653 2093 2729 quo
2139 2623 2344 2702 vixit
2387 2625 2706 2729 Pappus
2751 2623 3172 2728 hucusque
3219 2624 3658 2725 latuerunt,

902 2761 1417 2841 Geometriae
1476 2762 1747 2841 rursus
1807 2761 2282 2859 reddantur,
2356 2780 2602 2866 atque
2661 2761 2733 2839 ei
2783 2759 3008 2839 haud
3057 2759 3346 2840 inutile
3394 2760 3661 2842 incre-

904 2921 1283 2998 mentum
1320 2895 1681 2980 afferant.
1756 2899 1855 2976 Et
1893 2898 2288 3004 quoniam
2326 2897 2575 3004 Pappi
2619 2897 3052 3004 descriptio
3089 2897 3657 2999 Porifinatum,

906 3065 1077 3118 non
1115 3037 1347 3116 facile
1392 3035 1555 3116 fine
1600 3036 2034 3142 specimine
2081 3062 2367 3114 eorum
2413 3035 2938 3144 intelligenda
2981 3037 3122 3136 est,
3175 3035 3358 3115 ideo
3402 3037 3661 3114 Poris-

904 3196 1125 3252 mata
1164 3174 1567 3280 quaedam
1618 3172 1887 3252 facilia
1933 3173 2444 3277 praemittere
2487 3172 2755 3252 visum
2801 3173 2912 3252 est
2955 3173 3476 3278 explicationi
3519 3201 3659 3263 ‚eo-

903 3339 1095 3391 rum
1132 3339 1339 3417 quae
1374 3315 1690 3416 Pappus
1729 3308 2009 3407 affert3
2085 3309 2276 3388 dein
2311 3309 2562 3415 Pappi
2609 3308 3130 3416 descriptioni
3176 3309 3660 3418 subjungere

904 3449 1307 3555 quaedam
1346 3448 1703 3526 Euclidis
1744 3445 2207 3545 Porismata,
2279 3473 2374 3526 ea
2420 3447 2715 3527 scilicet
2764 3475 2970 3553 quae
3004 3445 3246 3552 ipfius
3283 3443 3459 3546 effe,
3535 3448 3658 3528 vel

906 3613 1001 3664 ex
1038 3587 1286 3690 Pappi
1324 3581 1857 3690 propositione
1902 3584 2285 3692 generali,
2337 3583 2606 3690 ejusve
2652 3583 3188 3664 Porismatum
3235 3583 3659 3691 descripti·

903 3749 1084 3821 one,
1124 3722 1251 3800 vel
1285 3721 1637 3830 denique
1672 3722 2344 3827 opelemmatum
2377 3722 2546 3826 ejus
2583 3723 2672 3800 in
2708 3722 3174 3822 Porismata,
3216 3722 3660 3828 dijudicare

902 3859 1300 3940 valebam.
1397 3861 1621 3940 Haec
1658 3859 2110 3965 sequuntur
2144 3880 2496 3964 quatuor
2530 3859 2908 3939 Fermatii
2943 3857 3518 3966 propositiones
3567 3861 3658 3940 in

900 3996 1256 4076 formam
1294 3995 1831 4076 Porismatum
1864 4017 2252 4096 mutatas,
2302 3997 2614 4105 reliqua
2660 3997 2884 4077 enim
2931 4025 3026 4078 ex
3071 3997 3240 4104 ejus
3289 3997 3660 4105 quinque

900 4135 1013 4214 est
1048 4132 1148 4213 de
1185 4134 1596 4233 Parabola,
1650 4155 1729 4214 et
1764 4161 1946 4213 eam
1980 4133 2070 4213 in
2106 4137 2338 4242 Prop.
2390 4163 2512 4246 19.
2551 4135 2693 4218 lib.
2731 4165 2810 4219 v.
2847 4137 3052 4219 Sea.
3091 4135 3370 4218 Conic.
3409 4135 3534 4217 ed.
3579 4161 3656 4218 2.

900 4271 1656 4355 demonstravimus.
1726 4272 1913 4352 Alia
1950 4273 2355 4378 quaedam
2392 4273 2698 4380 adjecia
2735 4273 2922 4352 sunt
2955 4301 3316 4378 quorum
3353 4275 3654 4379 praeci·

902 4439 1064 4517 pua
1100 4408 1308 4494 mihi
1354 4411 1794 4516 proposuit,
1846 4431 1925 4492 et
1972 4410 2440 4519 aliquorum
2487 4409 3170 4494 constructionem
3213 4410 3439 4489 dedit
3485 4411 3658 4491 exi·
