4109 5609
456 767 575 942 S
784 771 959 944 E
1180 770 1339 944 C
1552 773 1733 944 T
1950 771 2035 943 I
2243 757 2812 952 ΟΝ
3006 777 3188 954 Ε.

730 1175 2902 1303 DETERMINATA
3228 1121 3235 1126 ’

942 1509 1539 1622 LIB'ER
1674 1541 2602 1646 TERTIUS,

640 1873 1311 1956 DUOBUS
1412 1873 2970 1962 PRAEGEDENTIBUS

1264 2457 1347 2540 A
1433 2457 1512 2537 D
1604 2459 1687 2538 1>
1776 2460 1813 2538 I
1904 2459 1985 2540 T
2072 2462 2160 2543 U
2249 2461 2332 2546 S.

935 2771 1847 2855 PROBLEMA
1958 2774 2672 2882 PR1MUM.

378 3073 383 3078 ,
454 2991 507 3034 “
546 2985 919 3068 DATIS
952 2985 1277 3071 duobus
1314 2985 1639 3093 punffis
1675 2985 2010 3067 tertium
2044 2984 2412 3070 invenire
2446 2986 2538 3067 in
2559 2989 2776 3074 resta
2801 3014 3012 3095 quae
3036 3013 3178 3094 per

442 3131 501 3174 “
546 3151 639 3206 ea
668 3121 979 3224 transit,
1019 3122 1245 3231 quod
1276 3123 1519 3206 faciet
1553 3123 2051 3231 quadratum
2085 3145 2200 3204 ex·
2213 3123 2640 3234 segmento'
2661 3126 2876 3208 inter
2907 3124 3179 3233 ipsum

434 3268 499 3310 “
544 3283 625 3345 et
658 3263 1007 3344 alterum
1041 3287 1138 3341 ex
1169 3259 1382 3342 datis
1419 3260 1745 3368 punffis
1790 3259 2088 3367 majus,
2139 3280 2284 3341 aut
2305 3261 2594 3345 minus
2641 3263 3050 3372 quadrato
3083 3287 3182 3345 ex

436 3406 497 3446 “
544 3399 861 3507 reliquo
907 3397 1319 3508 segmento
1366 3397 1588 3507 dato,
1644 3423 1901 3505 quam
1944 3397 2035 3476 in
2079 3397 2422 3499 ratione,
2494 3401 2622 3478 vel
2668 3399 2894 3508 quod
2937 3399 3183 3485 faciet

437 3542 503 3584 “
552 3535 1049 3644 quadratum
1102 3561 1202 3616 ex
1245 3532 1659 3645 segmento
1712 3534 1947 3615 inter-
1982 3533 2255 3641 ipsum
2309 3555 2392 3616 et
2439 3537 2786 3617 alterum
2829 3561 2926 3616 ex
2969 3533 3184 3618 datis

442 3677 504 3718 “
554 3672 879 3780 punffis
915 3671 1207 3754 datum
1237 3667 1478 3755 fimul
1510 3699 1705 3754 eum
1740 3699 1837 3754 eo
1880 3672 1987 3752 ad
2030 3671 2260 3780 quod
2305 3673 2805 3780 quadratum
2847 3699 2945 3756 ex
2988 3670 3180 3754 reli-

448 3814 511 3856 “
554 3837 721 3920 quo
754 3809 1169 3924 segmento
1202 3807 1485 3892 datam
1515 3809 1764 3894 habet
1795 3805 2274 3896 rationem?
2341 3861 2347 3870 ·
2615 3805 2620 3812 ’
2718 3858 2728 3869 ·
2833 3863 2836 3871 ·

703 4085 1074 4167 PROP.
1109 4084 1408 4169 LXVI.
1477 4085 1856 4167 PROB.
1902 4085 1967 4169 Ι.
2037 4083 2786 4168 EPITAGMA
2841 4111 2912 4170 ι.

456 4223 514 4268 “
554 4221 933 4303 DATIS
976 4220 1302 4302 duobus
1338 4220 1663 4328 punffis
1694 4223 1803 4322 A,
1842 4222 1909 4300 B
1944 4221 2284 4304 tertium
2315 4223 2384 4304 C
2428 4222 2643 4310 intei·
2683 4249 2778 4312 ea
2823 4219 3186 4303 invenite

456 4359 516 4403 “
561 4358 782 4465 quod
816 4356 1063 4440 faciet
1095 4357 1590 4468 quadratum
1622 4385 1720 4440 ex
1752 4359 1895 4441 Ac
1928 4359 2222 4468 majus,
2272 4381 2418 4444 aut
2459 4360 2738 4442 minus
2785 4357 3186 4466 quadrato

458 4497 521 4542 ‘⁶
564 4517 673 4578 ex·
686 4498 821 4580 CB
852 4495 1079 4599 dato,
1128 4522 1385 4606 quam
1420 4495 1513 4580 in
1554 4495 1895 4598 ratione,
1960 4495 2090 4580 vel
2133 4497 2364 4608 quod
2403 4498 2649 4582 faciet
2691 4495 3188 4606 quadratum
