4109 5609
990 406 1088 488 16
1642 408 1825 489 DE
1926 408 3076 500 LOGARITHMIS.

975 622 1289 703 ratione
1322 626 1381 702 F
1384 626 1460 704 G
1498 625 1601 704 ad
1638 616 1798 705 GK
1816 661 1839 723 ;
1892 649 1969 707 et
2002 626 2098 709 fit
2131 632 2262 709 LP
2298 622 2836 738 logarithmus
2872 634 3208 714 rationis
3236 636 3374 717 PG
3411 626 3522 717 ad
3555 640 3742 723 GO.

975 761 1080 839 Et
1127 760 1520 866 quoniam
1558 759 1781 869 [Def.
1824 761 1940 871 3.]
1998 766 2176 865 LN,
2229 767 2768 873 logarithmus
2799 770 3152 850 sationis
3201 772 3336 850 FG
3390 775 3500 853 ad
3551 778 3740 875 GK,

972 894 1195 977 cadit
1230 898 1441 976 inter
1476 899 2066 1006 logarithmum
2103 904 2232 980 LP
2267 903 2602 982 rationis
2639 907 2696 982 F
2699 907 2778 983 G
2818 907 2924 985 ad
2971 908 3157 1006 GO,
3207 936 3418 1014 quae
3465 912 3744 1015 proxi-

976 1062 1111 1113 me
1156 1034 1414 1139 major
1460 1036 1570 1113 est
1614 1037 1921 1125 ratione
1968 1037 2108 1117 FG
2174 1039 2278 1117 ad
2338 1040 2526 1137 GK,
2599 1060 2678 1120 et
2737 1041 3326 1148 logarithmum
3395 1046 3740 1128 rationis

977 1200 1185 1279 quae
1220 1198 1315 1251 ex
1350 1172 1839 1252 radicalibus
1878 1172 2312 1279 compofita
2356 1176 2721 1279 proxime
2766 1178 3042 1257 minor
3083 1180 3193 1257 est
3237 1180 3556 1261 ratione
3602 1185 3740 1263 FG

978 1307 1082 1387 ad
1117 1310 1306 1407 GK,
1358 1308 1508 1387 erit
1542 1311 1681 1387 NP
1716 1308 1989 1389 minor
2023 1310 2328 1391 exceffu
2365 1311 2663 1391 horum
2699 1312 3384 1421 logarithmorum
3432 1320 3584 1423 qui
3629 1320 3740 1399 est

970 1472 1142 1524 una
1178 1444 1538 1551 partium
1571 1445 2081 1545 radicalium,
2132 1469 2212 1527 et
2246 1470 2667 1555 propterea
2699 1450 2976 1529 minor
3017 1452 3129 1531 est
3173 1455 3392 1551 NM3
3471 1456 3739 1536 multo

974 1579 1231 1688 igitur
1263 1582 1402 1659 NP
1435 1581 1709 1661 minor
1740 1584 1851 1662 est
1884 1611 2139 1691 quam
2184 1587 2386 1669 NM.
2505 1584 2768 1694 Igitur
2812 1588 2970 1687 LP,
3034 1590 3583 1697 logarithmus
3631 1592 3733 1674 sc.

972 1717 1311 1797 rationis
1328 1719 1465 1797 FG
1482 1718 1587 1798 ad
1612 1720 1796 1817 GO,

974 1852 1251 1934 minor
1338 1854 1453 1934 est
1548 1881 1801 1959 quam
1940 1858 1997 1935 F
2331 1858 2422 1936 H
2549 1931 2560 1945 ,
3042 1862 3276 1941 Ko
3655 1864 3734 1943 G

972 1990 1171 2089 LM,
1213 1991 1529 2069 summa
1553 1991 1657 2071 se.
1684 1990 1801 2071 lo·
1952 1992 3742 2040 ···-··-··-··²····—··-·-··-³—¹···—·-—

972 2125 1576 2234 garithmorum
1666 2156 1798 2206 ra-
1936 2128 2003 2207 L
2393 2130 2470 2206 N
2510 2128 2569 2205 P
2737 2128 2834 2205 M
2861 2130 2940 2206 A
3399 2132 3468 2210 C
3667 2136 3732 2213 B

974 2263 1301 2341 tionum
1314 2266 1450 2343 FG
1472 2262 1576 2339 ad
1604 2262 1798 2357 GH,
1966 2260 2814 2301 ·“““““-“-·’““““““““-··“
2873 2263 3710 2308 ’“““··-·-··-·”··-·

970 2420 1055 2479 et
1135 2402 1319 2479 HG
1414 2400 1519 2478 ad
1601 2399 1797 2480 GK.
2829 2398 2909 2473 D
3663 2406 3730 2483 E

974 2534 1395 2647 Qoniam
1430 2562 1618 2616 vero
1664 2562 1800 2613 ra-

974 2670 1091 2751 tio
1140 2672 1279 2751 FG
1319 2671 1423 2749 ad
1460 2672 1648 2770 GO,
1702 2700 1909 2778 quae
1944 2672 2051 2751 est
2087 2665 2522 2775 compofita
2557 2697 2653 2748 ex
2696 2667 3152 2749 rationibus
3201 2670 3725 2773 radicalibus,

968 2809 1253 2889 eadem
1290 2809 1403 2888 est
1434 2805 1729 2887 rationi
1765 2804 2246 2913 compofitae
2279 2832 2374 2885 ex
2408 2805 2858 2885 rationibus
2898 2805 3036 2885 FG
3075 2806 3181 2884 ad
3217 2807 3392 2884 GH
3429 2830 3512 2887 et
3553 2810 3726 2887 HG

975 2946 1078 3025 ad
1112 2947 1301 3045 GO,
1354 2970 1707 3050 quarum
1739 2945 1945 3024 ratio
1983 2946 2122 3024 FG
2160 2942 2262 3021 ad
2299 2942 2474 3021 GH
2511 2940 2942 3048 compofita
2979 2942 3090 3020 est
3126 2968 3219 3021 ex
3261 2943 3722 3025 rationibus

968 3081 1491 3180 radicalibuS,
1562 3079 1869 3187 reliqua
1916 3080 2124 3161 ratio
2171 3080 2347 3158 HG
2397 3080 2499 3157 a'd
2545 3079 2705 3158 GO
2754 3076 3189 3184 compofita
3234 3079 3384 3158 erit
3431 3106 3530 3159 ex
3587 3081 3727 3160 iis-

974 3219 1189 3301 dem.
1262 3219 1548 3325 Igitur,
1589 3244 1733 3322 per
1764 3220 1993 3323 Prop.
2036 3244 2115 3322 5.
2153 3215 2427 3319 hujuS,
2469 3214 3006 3321 logarithmus
3041 3217 3172 3295 LP
3203 3214 3545 3297 rationis
3587 3219 3727 3299 FG

973 3356 1078 3436 ad
1114 3357 1275 3437 Go
1310 3356 1419 3435 est
1454 3354 1806 3459 aequalis
1853 3355 2216 3434 summae
2251 3352 2932 3460 logarithmorum
2975 3352 3389 3431 rationum
3427 3353 3574 3433 FG
3621 3356 3726 3435 ad

971 3494 1177 3593 GH,
1217 3514 1296 3572 et
1329 3491 1503 3571 HG
1541 3491 1643 3570 ad
1679 3492 1865 3573 GO.
1972 3492 2108 3570 Est
2141 3510 2414 3570 autem
2459 3490 2626 3567 LM
2673 3490 2992 3569 summa
3036 3487 3725 3595 logarithmorum

970 3630 1387 3709 rationum
1422 3627 1562 3705 FG
1599 3626 1703 3706 ad
1738 3628 1941 3727 GH,
1979 3648 2060 3707 et
2094 3627 2264 3705 HG
2303 3626 2408 3705 ad
2444 3626 2633 3709 GK.
2718 3628 2820 3704 Et
2855 3626 3250 3739 quoniam
3283 3628 3414 3705 LP
3445 3628 3723 3709 minor

970 3766 1083 3845 est
1116 3766 1314 3864 LM,
1353 3762 1506 3843 erit
1537 3764 1803 3871 prima
1836 3766 2154 3844 summa
2189 3762 2462 3841 minor
2493 3762 2835 3869 reliqua,
2886 3782 2992 3861 et,
3032 3762 3303 3841 ablato
3339 3790 3721 3845 commu-

971 3902 1063 3981 ni
1097 3898 1587 4010 logarithmo
1620 3900 1957 3982 rationis
1994 3900 2136 3980 FG
2173 3900 2278 3979 ad
2314 3900 2518 3999 GH,
2567 3897 2720 3979 erit
2761 3898 3121 4004 reliquus
3173 3898 3715 4005 logarithmus

968 4037 1305 4119 rationis
1365 4037 1537 4117 HG
1586 4035 1691 4116 ad
1737 4036 1897 4117 Go
1942 4036 2216 4117 minor
2259 4037 2572 4143 reliquo
2616 4034 3106 4144 logarithmo
3151 4035 3490 4115 rationis
3539 4038 3711 4117 HG

959 4176 1073 4256 ad
1106 4176 1295 4256 GK.
1388 4173 1649 4281 Igitur
1684 4170 1905 4279 [Cor.
1946 4201 2021 4279 3.
2059 4171 2432 4281 Prop.4.]
2481 4172 2688 4253 ratio
2722 4173 2897 4253 HG
2927 4159 3040 4253 'ad
3074 4172 3236 4251 GO
3285 4172 3560 4253 minor
3601 4176 3710 4254 est

965 4312 1277 4393 ratione
1309 4309 1483 4391 HG
1521 4306 1623 4388 ad
1658 4310 1863 4409 GK;
1916 4302 2051 4390 sed
2085 4330 2166 4391 et
2199 4310 2485 4417 major,
2525 4310 2750 4420 quod
2775 4308 2952 4391 fieri
2974 4336 3146 4391 non
3168 4310 3448 4417 potest.
3519 4312 3708 4391 Non

962 4448 1225 4561 igitur
1256 4448 1365 4531 est
1398 4446 1566 4529 LM
1600 4445 1859 4555 major
1888 4447 2064 4533 LN.
