4109 5609
511 1030 754 1109 VIX
801 1025 980 1107 fieri
1037 1024 1318 1132 potest,
1380 1019 1614 1129 quin,
1677 1020 1850 1127 post
1883 1020 2293 1101 summam
2328 1047 2609 1101 curam
2645 1018 3127 1121 adhibitam,
3177 1021 3267 1103 in

516 1233 762 1313 opere
809 1226 983 1284 tam
1042 1205 1290 1310 longo
1350 1220 1426 1279 et
1484 1196 1796 1277 difficili
1859 1200 2199 1305 plurimi
2262 1200 2549 1280 restent
2610 1200 2879 1280 adhuc
2938 1228 3263 1286 erroreS.

516 1346 982 1463 Fatendum
1029 1398 1458 1485 praeterea,
1505 1376 1730 1483 quod
1767 1376 1857 1454 in
1891 1376 2177 1484 figuris
2225 1377 2563 1457 omnino
2598 1378 2808 1457 deest
2843 1379 3261 1487 elegantia.
3340 1352 3347 1358 ⁶

520 1562 714 1640 Hoc
751 1557 1046 1637 artifici
1084 1556 1357 1635 minus
1395 1554 1650 1659 perito
1692 1554 1891 1632 vitio
1929 1553 2437 1651 vertendum,
2490 1553 2623 1632 cui
2662 1554 3261 1664 Typographus

521 1763 859 1841 operam
893 1760 1023 1814 eas
1058 1730 1474 1811 incidendi
1507 1730 1734 1837 ligno
1769 1727 2193 1811 commifit.
2272 1728 2356 1809 Si
2393 1756 2581 1807 vero
2616 1729 2825 1808 nihil
2860 1756 3257 1834 occurrat,

521 1914 756 2021 quod
823 1914 1304 1993 Geometrae
1375 1934 1694 1986 moram
1768 1907 2221 2014 longiorem
2293 1904 2571 1987 afferre
2634 1906 2895 2015 poffit,
2972 1910 3103 1990 his
3164 1932 3261 1989 ut

519 2090 978 2197 ignoscant,
1014 2104 1404 2191 rogantur
1441 2084 1795 2165 lectores».
1879 2084 2139 2164 Proles
2178 2082 2371 2161 haec
2410 2084 2519 2199 est
2553 2084 3009 2189 posthuma,
3052 2110 3259 2189 quae

515 2264 1034 2372 praemature
1081 2261 1431 2367 parentis
1481 2258 1883 2339 clariffimi
1929 2257 2215 2339 officiis
2274 2258 2583 2359 orbata,
2656 2260 3257 2368 indulgentiam

519 2442 712 2521 ideo
742 2438 1108 2546 requirit.
1209 2434 1840 2541 Imperfestiores
1889 2436 1992 2513 ab
2023 2463 2133 2522 ,eo
2180 2434 2437 2515 relicti
2473 2456 2699 2514 erant
2734 2436 2925 2517 libri
2960 2437 3059 2517 de
3090 2439 3257 2517 Lo-

517 2615 956 2723 garithmis
1003 2635 1082 2693 et
1109 2582 1227 2694 ‘de
1270 2612 1714 2692 Limitibus
1761 2611 2345 2725 Qantitatum
2380 2632 2457 2691 et
2504 2612 2977 2696 Rationum.
3073 2617 3255 2695 Hos

514 2790 948 2889 recensuit,
1021 2791 1506 2890 emendavit,
1588 2809 1665 2869 et
1723 2790 1814 2867 in
1857 2788 1958 2866 iis
2006 2786 2363 2894 defectus
2414 2785 2807 2891 quosdam
2855 2790 3255 2894 supplevit

513 2967 988 3046 Gulielmus
1022 2965 1305 3062 Traill,
1339 2965 1439 3046 L.
1475 2966 1573 3046 L.
1607 2967 1713 3046 D.
1750 2963 2199 3043 Matheseos
2232 2961 2324 3039 in
2358 2958 2907 3043 Abredonenfi
2938 2966 3255 3045 Acade-

511 3142 692 3221 mia
735 3138 1143 3247 profeffor,
1191 3168 1410 3221 nunc
1460 3161 1732 3220 autem
1779 3140 1869 3218 in
1917 3138 2255 3219 Ecclefia
2290 3138 2749 3217 Cathedrali
2785 3139 2886 3219 de
2925 3141 3257 3220 Connor

511 3315 1178 3398 PraebendariuS.
1260 3317 1517 3416 Idem,
1563 3316 2068 3423 problemata
2103 3318 2191 3396 in
2224 3316 2694 3421 Appendice
2728 3342 2771 3393 e
2807 3316 3253 3421 compluri-

510 3488 710 3589 mis,
749 3448 956 3597 quae
990 3492 1082 3571 in
1115 3482 1490 3573 Auctoris
1525 3494 2093 3599 manuscriptis
2129 3492 2667 3598 reperiuntur,
2708 3490 3018 3598 selegit3
3061 3491 3253 3569 etin

511 3667 784 3747 tribus
819 3667 1033 3746 hisce
1069 3666 1432 3772 partibus
1474 3670 1835 3749 laborem
1875 3667 2332 3776 corrigendi
2370 3669 2735 3772 praelum
2770 3667 2859 3745 in
2895 3666 2970 3745 se
3004 3666 3254 3744 bene-

507 3846 697 3923 vole
733 3844 1098 3950 suscepit.
1203 3846 1343 3957 Ille
1378 3844 1714 3951 quidem
1761 3844 2167 3925 amicitiae
2212 3871 2555 3945 memor,
2622 3873 2785 3950 qua
2832 3842 3251 3924 celeberri-

505 4048 706 4101 mus
761 4024 1076 4103 Αιιᾶοι·
1106 4022 1283 4125 jam
1328 4021 1559 4100 senex
1602 4022 1706 4121 se,
1767 4022 2157 4125 juvenem
2220 4020 2515 4119 adhuc,
2592 4021 3052 4125 complexus
3109 4020 3248 4118 est,

505 4198 726 4278 hanc
779 4226 1116 4279 omnem
1171 4226 1454 4282 curam
1501 4198 1606 4280 ad
1650 4198 1940 4305 scripta
1988 4199 2157 4306 ejus
2207 4194 2693 4304 perficienda
2740 4196 3252 4302 perlubenter

505 4376 914 4463 adhibuit.

2102 4508 2749 4633 -JACOBUS
2833 4508 3253 4631 CLOW.
