4109 5609
1062 408 1243 501 DE
1344 374 2574 505 PoRJSMA‘thflff?
3015 426 3172 519 431

1378 644 1882 764 P-Roi’.
2019 680 2237 763 xm.
2383 632 2392 639 ⁶

426 912 661 1024 Qae
694 906 805 987 est
842 904 1221 1004 Porisma‚
1268 930 1539 985 unum
1574 900 1871 983 scilicet
1904 900 2134 983 exiis
2169 910 2392 1006 quae'
2414 903 2729 1006 Pappu‘s
2767 902 3016 983 tradit
3049 905 3188 985 in·-

565 1068 687 1125 ter
732 1043 1169 1123 Porifinata
1212 1040 1407 1121 Lib.
1448 1066 1515 1121 1.
1567 1038 1957 1137 aelidis,
2008 1038 2224 1119 hisce
2271 1037 2536 1119 verbis
2577 1042 2634 1081 ‘⁴
2673 1038 2924 1152 Qod
2971 1044 3188 1121 reita
3279 1038 3282 1043 ’

568 1244 591 1265 .
620 1244 639 1263 .
672 1244 691 1263 .
743 1180 1005 1261 aufert
1042 1208 1087 1258 a
1134 1175 1517 1285 positione
1563 1176 1773 1257 datis
1820 1175 2236 1285 segmenta
2279 1176 2572 1255 datum
2614 1177 3186 1286 restangulum'

565 1286 1405 1422 comprehendehtial’

432 1462 488 1501 “
539 1456 913 1536 DATIS
950 1450 1333 1559 pofitione
1368 1450 1687 1531 duabus
1723 1449 1990 1548 reffis,
2016 1446 2080 1529 fi
2117 1479 2162 1528 a
2197 1450 2390 1531 dato
2426 1470 2642 1531 extra
2679 1452 2882 1557 ipsas
2921 1482 3186 1560 punc-

431 1598 489 1636 “
540 1614 625 1673 to
662 1592 1007 1672 ducatur
1040 1612 1459 1697 utcunque
1496 1588 1711 1667 resta
1746 1587 1987 1686 linea,
2040 1587 2352 1667 auferet
2397 1616 2492 1667 ex
2541 1587 2928 1693 pofitione
2971 1592 3182 1673 datis

432 1735 489 1773 “
538 1730 947 1838 segmenta
982 1726 1189 1807 datis
1229 1726 1317 1804 in
1350 1726 1449 1804 iis
1486 1724 1809 1831 punffis
1850 1723 2298 1828 adjacentia
2333 1753 2540 1831 quae
2575 1727 2867 1807 datum
2911 1729 3182 1811 conti-

432 1870 489 1910 “
538 1888 737 1947 nent
769 1860 1421 1972 reehngulumss’

562 2140 745 2219 Sint
780 2142 949 2238 AB,
982 2140 1121 2217 AC
1156 2140 1412 2219 reffle
1448 2136 1833 2244 positione
1868 2138 2130 2236 datae,
2170 2156 2248 2217 et
2283 2164 2330 2215 a
2365 2137 2560 2217 dato
2585 2140 2890 2243 Ριιῐιξὶο
2915 2142 2992 2218 Ι)
3019 2140 3184 2221 du·

430 2296 659 2357 catur
690 2297 1111 2383 utcunque
1146 2278 1357 2357 reoia
1384 2278 1598 2357 BDC
1619 2272 1799 2382 ipfis
1824 2274 1917 2357 in
1942 2277 2037 2373 B,
2065 2274 2162 2371 C,
2191 2300 2616 2355 occurrens
2639 2310 2660 2373 3
2701 2298 2780 2356 et
2805 2298 3002 2382 puta
3027 2282 3184 2361 Po·

430 2413 675 2493 rifina
708 2440 993 2493 verum
1028 2410 1204 2512 effe,
1234 2412 1529 2495 scilicet
1554 2414 1963 2522 segmenta
1988 2412 2170 2511 BG,
2197 2412 2357 2493 CH
2385 2440 2430 2491 a
2454 2414 2670 2495 retsta
2695 2417 2825 2495 BC
2856 2415 3184 2497 absciss'a

431 2551 639 2631 datis
677 2552 1001 2658 punffls
1036 2551 1148 2649 G,
1176 2552 1267 2629 H
1306 2551 1751 2656 adjacentia.
1784 2551 2198 2665 continere
2229 2551 2800 2661 restangulum
2823 2555 3003 2657 BG,
3025 2556 3182 2637 CH

430 2689 743 2773 datum.
838 2691 1207 2769 Ducat-ur
1242 2716 1383 2793 per
1414 2690 1819 2793 punfium
1852 2690 1931 2769 D

433 2825 763 2935 quaevis
790 2826 947 2906 alia
966 2828 1183 2907 refia
1208 2828 1441 2925 EDF,
1460 2846 1539 2907 et
1562 2830 1715 2907 AD
1728 2825 1931 2931 jun·
2117 2816 2175 2881 Β·

432 2984 725 3073 gatur3
766 2962 1079 3073 igitur,
1119 2991 1215 3043 ex
1248 2961 1699 3071 hypothesi,
1748 2984 1935 3045 tum
2117 2968 2178 3037 E
2196 2845 2475 3128 k
2511 3054 2577 3117 D

434 3101 999 3209 refiangulum
1046 3102 1226 3200 EG,
1266 3102 1445 3200 FH,
1494 3122 1680 3183 tum
1724 3102 1936 3181 rest·-
2103 3116 2176 3183 G

432 3237 831 3347 angulum
872 3238 1064 3337 AG,
1112 3240 1281 3317 ΑΗ
1338 3239 1707 3345 aequalia
1750 3237 1941 3319 sunt
1990 3265 1999 3274 ·
2194 3139 2493 3376 a
2570 3171 3073 3378 x

434 3374 698 3455 eidem
740 3374 935 3455 dato
981 3376 1477 3483 restangulm
1550 3396 1631 3457 et
1686 3402 1937 3483 prop·
2126 3413 2198 3477 A
2447 3410 2516 3477 H
2713 3410 2774 3476 c
3093 3412 3148 3477 1³·

437 3534 651 3593 terea
673 3512 1143 3619 rectangulo
1169 3512 1349 3612 BG,
1368 3515 1551 3595 CH.
1616 3514 1749 3592 Est
1772 3511 1935 3621 igi-

406 3671 573 3731 ·tur
606 3650 758 3727 BG
796 3650 900 3728 ad
936 3652 1110 3749 FH,
1158 3671 1255 3729 ut
1289 3650 1439 3728 EG
1476 3651 1582 3730 ad
1618 3651 1803 3751 CH,
1843 3680 2094 3758 quare
2129 3678 2207 3736 et
2241 3656 2374 3735 BE
2413 3656 2516 3735 ad
2553 3656 2703 3756 FC,
2747 3678 2842 3736 ut
2887 3658 3038 3739 BG
3077 3658 3182 3739 ad

436 3789 611 3869 FH.
680 3785 815 3865 Est
848 3785 1094 3865 etiam
1126 3808 1222 3867 ut
1257 3788 1403 3867 FH
1436 3786 1542 3869 ad
1572 3789 1767 3890 AG,
1804 3789 1921 3869 ita.
1951 3794 2120 3873 AH
2157 3792 2263 3873 ad
2295 3794 2475 3893 EG,
2514 3822 2764 3900 quare
2797 3817 2877 3875 et
2901 3800 3048 3876 FH
3076 3798 3182 3877 ad

436 3924 631 4023 AG,
676 3944 771 4003 ut
802 3926 939 4003 AF
974 3924 1077 4005 ad
1120 3926 1291 4007 ΑΕ.
1396 3926 1637 4007 Ratio
1684 3952 1873 4007 vero
1920 3928 2064 4009 BD
2107 3929 2215 4009 ad
2261 3934 2436 4029 Dc,
2483 3932 2880 4037 quoniam
2921 3937 3183 4016 restae

436 4062 606 4158 AB,
646 4061 782 4139 BC
814 4084 1251 4141 occurrunt
1284 4060 1467 4167 ipfis
1500 4065 1664 4163 AF,
1702 4064 1857 4164 FE,
1892 4064 2178 4147 eadem
2209 4068 2350 4168 est,
2389 4094 2530 4173 per
2563 4070 2903 4147 Lemma
2935 4071 3044 4149 ad
3079 4068 3184 4149 fi-

438 4224 631 4279 nem
660 4200 896 4303 Prop.
926 4223 1060 4291 22.
1094 4198 1391 4281 rationi
1428 4199 1905 4307 compofitae
1936 4232 2033 4283 ex
2067 4203 2379 4285 ratione
2415 4206 2546 4283 BE
2581 4206 2684 4285 ad
2725 4208 2893 4306 EA,
2935 4227 3012 4290 et
3045 4234 3182 4285 ra-

438 4334 659 4419 tione
690 4336 826 4415 AF
862 4334 967 4415 ad
1002 4336 1155 4434 FC,
1203 4336 1359 4417 hoc
1394 4338 1503 4419 est
1534 4340 1831 4421 rationi
1874 4340 2358 4447 compofitae
2401 4372 2498 4423 ex
2543 4344 2851 4423 ratione
2899 4344 3031 4421 BE
3077 4342 3184 4423 ad

438 4474 591 4577 FC,
640 4492 720 4555 et
750 4470 1064 4555 ratione
1094 4476 1229 4554 AF
1266 4473 1371 4556 ad
1405 4478 1575 4581 EA,
1623 4502 1967 4591 utraque
2012 4480 2236 4589 onim
2278 4480 2486 4565 ratio
2531 4480 2810 4562 eadem
2858 4468 2967 4561 est
2995 4488 3022 4530 ⁸
3044 4509 3178 4563 ra-
3221 4504 3246 4537 ·
3273 4520 3374 4581 23·
3405 4504 3467 4566 6.
