4109 5609
1084 357 1593 442 LIBER
1702 355 2540 473 QUARTUS
3029 382 3188 471 313

420 585 669 687 Prop.
762 581 894 686 83.
1057 579 1161 660 Et
1237 576 1605 660 fimiliter
1684 576 2146 658 invenietur
2278 581 2360 659 A
2471 581 2538 660 E
2605 578 2691 658 G
2760 581 2848 659 H
2992 580 3063 658 C
3134 583 3190 660 F

420 720 841 826 punitum
890 719 949 795 F
1005 713 1068 796 fi
1124 717 1191 796 B
1240 715 1543 797 cadat’
1520 742 1613 796 m
1658 715 1773 815 G,
1846 713 2146 796 scilicet
2291 715 3030 844 -d-fi--ff'
3037 737 3186 752 ······

424 883 574 964 per
608 858 795 936 Cor.
832 856 1043 937 Part.
1091 880 1159 936 1.
1193 854 1427 960 Prop.
1472 854 1604 936 81.
1698 851 2011 953 Tertib,
2048 851 2148 931 fit

422 995 840 1099 Pundhlm
875 991 997 1068 Β
976 1011 1189 1070 mter
1220 990 1305 1069 G
1342 1011 1421 1070 et
1456 991 1550 1090 C,
1600 991 2006 1096 puncstum
2040 1017 2230 1071 vero
2265 991 2332 1068 E
2367 987 2580 1069 inter
2611 991 2690 1070 A
2723 1011 2804 1070 et
2839 991 2966 1089 G3
3041 992 3194 1072 da-

420 1129 535 1210 tis
570 1128 829 1238 igitur
862 1127 954 1207 in
988 1129 1203 1208 ree'ta
1236 1127 1448 1208 linea
1490 1127 1758 1208 tribus
1803 1127 2130 1234 pund'tis
2179 1127 2274 1228 E,
2325 1127 2438 1226 G,
2491 1129 2556 1206 B
2601 1127 3192 1208 inveniendum
3341 1226 3344 1234 Ι

427 1267 542 1346 est
586 1287 981 1374 quartum
1026 1268 1083 1344 F
1130 1285 1351 1344 extra
1394 1263 1565 1372 ipsa
1600 1264 1706 1344 ad
1750 1285 2017 1371 partes
2899 1363 2907 1370 ‚

430 1405 497 1484 Β
528 1405 759 1511 quod
803 1401 1048 1484 faelet
1084 1401 1652 1509 tetstangulum
1699 1404 1851 1504 EF,
1892 1403 2017 1481 FB
2155 1442 2234 1519 A
2268 1441 2334 1519 E
2529 1440 2615 1520 G
2673 1441 2764 1520 H
2799 1441 2864 1520 Β
2949 1383 3054 1520 G·
3133 1441 3193 1522 F

430 1571 481 1622 a
534 1540 973 1650 segmentis
1017 1538 1233 1620 inter
1273 1538 1544 1644 ipsum
1586 1559 1666 1620 et
1713 1542 2021 1648 punRa
2569 1577 2582 1602 ·
2707 1577 2720 1602 ·
2807 1577 2820 1600 ·
2983 1577 2997 1604 ·

424 1700 786 1760 extrema
846 1680 941 1778 E,
1003 1678 1069 1754 B
1126 1674 1395 1782 majus
1466 1677 1865 1786 quadrato
1934 1703 2029 1757 ex

432 1818 574 1896 FG
610 1814 1071 1923 segmento
1050 1835 1263 1896 mter
1282 1813 1555 1920 ipsum
1587 1834 1666 1894 et
1700 1815 2108 1922 punfium
2141 1815 2555 1923 reliquum
2579 1815 2662 1896 G
2688 1815 2910 1916 dato,
2939 1844 3195 1926 quam
3245 1821 3250 1826 ’

430 1955 525 2033 in
568 1953 912 2054 ratione,
982 1952 1211 2058 quod
1254 1951 1395 2031 fiet
1440 1977 1590 2058 ope
1636 1951 1887 2058 partis
1947 1978 2015 2034 1.
2076 1951 2308 2060 Prop.
2359 1956 2496 2060 83.
2612 1953 2965 2067 Qartb,
3035 1953 3194 2034 fint

425 2093 739 2198 punCta
784 2091 880 2188 E,
929 2090 995 2166 Β
1042 2089 1255 2169 inter
1294 2088 1469 2194 ipssa
1511 2090 1616 2189 A,
1656 2089 1793 2186 G;
1865 2089 2078 2168 datis
2127 2087 2382 2198 igitur
2415 2091 2505 2170 in
2541 2094 2756 2173 rasta
2791 2092 3004 2173 linea
3039 2091 3192 2172 tri-
3270 2113 3274 2118 '

428 2229 584 2308 bus
622 2227 947 2333 punffis
986 2228 1079 2326 E,
1110 2229 1204 2326 B,
1233 2226 1318 2305 G
1353 2225 1941 2306 inveniendum
1974 2227 2087 2306 est

430 2387 827 2474 quartum
884 2367 943 2444 F
1000 2385 1221 2444 extra
1278 2363 1450 2469 ipss
1518 2363 1623 2442 ad
1680 2385 1943 2470 partes
1998 2365 2088 2442 G
2224 2404 2394 2484 ΑΕ
2485 2405 2552 2484 Β
2625 2406 2708 2485 G
2768 2409 2859 2486 H
2986 2407 3053 2488 C
3133 2409 3192 2489 F

426 2502 661 2610 quod
718 2501 963 2582 faciet
1018 2501 1589 2609 reetangulum
1635 2502 1803 2600 EF,
1853 2503 1989 2579 FB
2040 2529 2088 2580 a

430 2639 863 2750 segmentis
911 2638 1124 2718 inter
1156 2638 1425 2745 ipsum
1460 2660 1539 2718 et
1574 2637 1741 2717 duo
1776 2640 2082 2744 pun6³:a

430 2778 523 2878 E,
552 2779 616 2854 B
654 2776 759 2855 ab
794 2775 965 2883 ipso
990 2775 1424 2855 remotiora
1468 2775 1735 2880 majus
1784 2775 2184 2881 quadrato
2218 2801 2312 2855 ex
2346 2776 2491 2855 GF
2523 2775 2937 2886 segmento
2971 2778 3186 2860 inter

430 2913 695 3020 ipsum
730 2935 809 2992 et
854 2911 1266 3019 reliquum
1300 2913 1706 3017 punfium
1739 2913 1824 2992 G
1860 2911 2082 3012 dato,
2146 2939 2400 3018 quam
2444 2913 2535 2992 in
2569 2913 2910 3013 ratione,
2962 2913 3190 3021 quod.

430 3051 569 3131 fiet
603 3078 755 3156 ope
792 3048 1041 3156 partis
1093 3077 1159 3133 1.
1195 3052 1427 3157 Prop.
1471 3051 1602 3132 81.
1920 3022 1940 3034 ”
3225 3035 3228 3037 Α

566 3327 804 3404 PARS
858 3351 935 3429 3.
1002 3322 1380 3429 Denique
1437 3317 1533 3403 fit
1578 3323 2149 3432 re&angu1um
2189 3323 2370 3422 AF,
2421 3323 2559 3403 FC
2605 3323 2896 3404 datum
2947 3321 3188 3406 fimu1

429 3489 624 3542 cum
672 3487 769 3538 eo
817 3460 922 3538 ad
969 3462 1195 3566 quod
1239 3461 1805 3571 redtangulum
1853 3463 2005 3561 EF,

433 3601 551 3678 FB
598 3598 879 3676 datam
926 3596 1172 3677 habet
1217 3595 1645 3680 rationem.
1747 3585 2041 3708 Lega-·
2148 3639 2239 3718 H
2268 3668 2304 3707 Ι,
2365 3638 2444 3718 Α
2545 3639 2612 3716 E
2726 3639 2793 3717 B
2863 3637 2930 3718 C
2998 3639 3056 3718 F
3099 3637 3188 3719 G

432 3755 566 3816 tur
599 3734 1177 3814 demonstratio
1213 3734 1463 3841 partis
1503 3762 1579 3841 3.
1614 3738 1845 3843 Prop.
1876 3765 1923 3846 9
1942 3763 2009 3818 1.

428 3900 641 3980 quae
685 3869 879 3953 huic
927 3872 1139 3980 parti
1186 3871 1433 3954 etiam
1477 3873 1882 3956 convenit.

1450 4146 2152 4230 FINIS.

1752 4423 2037 4503 Rr-
