<?xml version="1.0" encoding="UTF-8"?>
<!DOCTYPE html PUBLIC "-//W3C//DTD XHTML 1.0 Transitional//EN"
    "http://www.w3.org/TR/xhtml1/DTD/xhtml1-transitional.dtd">
<html xmlns="http://www.w3.org/1999/xhtml" xml:lang="en" lang="en">
 <head>
  <title>
</title>
<meta http-equiv="Content-Type" content="text/html;charset=utf-8" />
  <meta name='ocr-system' content='tesseract 3.04.00' />
  <meta name='ocr-capabilities' content='ocr_page ocr_carea ocr_par ocr_line ocrx_word'/>
</head>
<body>
  <div class='ocr_page' id='page_1' title='image "./robertisimsonmd00unkngoog_0165.png"; bbox 0 0 4109 5609; ppageno 0'>
   <div class='ocr_carea' id='block_1_1' title="bbox 1170 394 3178 525">
    <p class='ocr_par' dir='ltr' id='par_1_1' title="bbox 1170 394 3178 525">
     <span class='ocr_line' id='line_1_1' title="bbox 1170 394 3178 525; baseline 0.002 -36"><span class='ocrx_word' id='word_1_1' title='bbox 1170 394 1669 489; x_wconf 80' lang='lat' dir='ltr'>LIBER</span> <span class='ocrx_word' id='word_1_2' title='bbox 1770 406 2435 494; x_wconf 82' lang='lat' dir='ltr'><strong>PRIMUS.</strong></span> <span class='ocrx_word' id='word_1_3' title='bbox 3023 434 3178 525; x_wconf 79' lang='lat'>¹39</span> 
     </span>
    </p>
   </div>
   <div class='ocr_carea' id='block_1_2' title="bbox 416 622 3194 2103">
    <p class='ocr_par' dir='ltr' id='par_1_2' title="bbox 416 622 3194 2103">
     <span class='ocr_line' id='line_1_2' title="bbox 416 622 3182 733; baseline 0.001 -24"><span class='ocrx_word' id='word_1_4' title='bbox 416 626 827 709; x_wconf 69' lang='lat' dir='ltr'>rationem</span> <span class='ocrx_word' id='word_1_5' title='bbox 872 626 1209 732; x_wconf 87' lang='lat' dir='ltr'>majoris</span> <span class='ocrx_word' id='word_1_6' title='bbox 1254 628 1361 707; x_wconf 84' lang='lat' dir='ltr'>ad</span> <span class='ocrx_word' id='word_1_7' title='bbox 1404 626 1839 725; x_wconf 81' lang='lat' dir='ltr'><strong>minorem,</strong></span> <span class='ocrx_word' id='word_1_8' title='bbox 1914 626 2065 707; x_wconf 87' lang='lat' dir='ltr'>erit</span> <span class='ocrx_word' id='word_1_9' title='bbox 2111 627 2275 706; x_wconf 91' lang='lat' dir='ltr'>BG</span> <span class='ocrx_word' id='word_1_10' title='bbox 2319 625 2594 707; x_wconf 89' lang='lat' dir='ltr'>minor</span> <span class='ocrx_word' id='word_1_11' title='bbox 2636 622 2815 733; x_wconf 64' lang='lat' dir='ltr'>ipsa</span> <span class='ocrx_word' id='word_1_12' title='bbox 2859 628 3035 730; x_wconf 87' lang='lat' dir='ltr'>EC,</span> <span class='ocrx_word' id='word_1_13' title='bbox 3097 650 3182 711; x_wconf 85' lang='lat' dir='ltr'>et</span> 
     </span>
     <span class='ocr_line' id='line_1_3' title="bbox 424 743 3181 872; baseline 0.001 -27"><span class='ocrx_word' id='word_1_14' title='bbox 424 765 827 872; x_wconf 85' lang='lat' dir='ltr'>quoniam</span> <span class='ocrx_word' id='word_1_15' title='bbox 890 787 1294 869; x_wconf 88' lang='lat' dir='ltr'>praeterea</span> <span class='ocrx_word' id='word_1_16' title='bbox 1350 764 1796 869; x_wconf 85' lang='lat' dir='ltr'>requiritur</span> <span class='ocrx_word' id='word_1_17' title='bbox 1836 785 1933 842; x_wconf 86' lang='lat' dir='ltr'>ut</span> <span class='ocrx_word' id='word_1_18' title='bbox 1992 743 2040 841; x_wconf 79' lang='lat' dir='ltr'>a</span> <span class='ocrx_word' id='word_1_19' title='bbox 2085 766 2389 870; x_wconf 66' lang='lat' dir='ltr'>puncto</span> <span class='ocrx_word' id='word_1_20' title='bbox 2437 766 2522 843; x_wconf 92' lang='lat' dir='ltr'>G</span> <span class='ocrx_word' id='word_1_21' title='bbox 2567 765 2918 845; x_wconf 83' lang='lat' dir='ltr'>ducatur</span> <span class='ocrx_word' id='word_1_22' title='bbox 2958 768 3181 849; x_wconf 69' lang='lat' dir='ltr'>retsta</span> 
     </span>
     <span class='ocr_line' id='line_1_4' title="bbox 418 900 3175 1011; baseline 0.001 -30"><span class='ocrx_word' id='word_1_23' title='bbox 418 928 633 1007; x_wconf 85' lang='lat' dir='ltr'>quae</span> <span class='ocrx_word' id='word_1_24' title='bbox 678 901 1095 981; x_wconf 86' lang='lat' dir='ltr'>circulum</span> <span class='ocrx_word' id='word_1_25' title='bbox 1136 900 1371 1005; x_wconf 90' lang='lat' dir='ltr'>super</span> <span class='ocrx_word' id='word_1_26' title='bbox 1413 900 1908 997; x_wconf 77' lang='lat' dir='ltr'>diametrum</span> <span class='ocrx_word' id='word_1_27' title='bbox 1952 902 2110 979; x_wconf 89' lang='lat' dir='ltr'>AC</span> <span class='ocrx_word' id='word_1_28' title='bbox 2157 901 2650 1007; x_wconf 87' lang='lat' dir='ltr'>descriptum</span> <span class='ocrx_word' id='word_1_29' title='bbox 2697 904 3175 1011; x_wconf 85' lang='lat' dir='ltr'>contingat;</span> 
     </span>
     <span class='ocr_line' id='line_1_5' title="bbox 426 1036 3194 1143; baseline 0.002 -28"><span class='ocrx_word' id='word_1_30' title='bbox 426 1039 607 1117; x_wconf 87' lang='lat' dir='ltr'>ideo</span> <span class='ocrx_word' id='word_1_31' title='bbox 666 1038 1101 1117; x_wconf 87' lang='lat' dir='ltr'>Problema</span> <span class='ocrx_word' id='word_1_32' title='bbox 1156 1064 1327 1121; x_wconf 87' lang='lat' dir='ltr'>non</span> <span class='ocrx_word' id='word_1_33' title='bbox 1384 1036 1693 1140; x_wconf 86' lang='lat' dir='ltr'>semper</span> <span class='ocrx_word' id='word_1_34' title='bbox 1736 1038 2090 1115; x_wconf 89' lang='lat' dir='ltr'>construi</span> <span class='ocrx_word' id='word_1_35' title='bbox 2139 1039 2440 1143; x_wconf 82' lang='lat' dir='ltr'>potest3</span> <span class='ocrx_word' id='word_1_36' title='bbox 2515 1039 2831 1143; x_wconf 89' lang='lat' dir='ltr'>quoties</span> <span class='ocrx_word' id='word_1_37' title='bbox 2881 1040 3194 1119; x_wconf 82' lang='lat' dir='ltr'>scilicet</span> 
     </span>
     <span class='ocr_line' id='line_1_6' title="bbox 426 1171 3182 1283; baseline 0 -30"><span class='ocrx_word' id='word_1_38' title='bbox 426 1176 839 1279; x_wconf 62' lang='lat' dir='ltr'>punctum</span> <span class='ocrx_word' id='word_1_39' title='bbox 871 1172 957 1253; x_wconf 90' lang='lat' dir='ltr'><strong>G</strong></span> <span class='ocrx_word' id='word_1_40' title='bbox 990 1173 1238 1252; x_wconf 87' lang='lat' dir='ltr'>fuerit</span> <span class='ocrx_word' id='word_1_41' title='bbox 1283 1171 1496 1251; x_wconf 89' lang='lat' dir='ltr'>intra</span> <span class='ocrx_word' id='word_1_42' title='bbox 1542 1173 1967 1253; x_wconf 87' lang='lat' dir='ltr'>circulum.</span> <span class='ocrx_word' id='word_1_43' title='bbox 2075 1175 2241 1253; x_wconf 85' lang='lat' dir='ltr'>Fiet</span> <span class='ocrx_word' id='word_1_44' title='bbox 2285 1196 2560 1253; x_wconf 88' lang='lat' dir='ltr'>autem</span> <span class='ocrx_word' id='word_1_45' title='bbox 2607 1174 2856 1253; x_wconf 91' lang='lat' dir='ltr'>modo</span> <span class='ocrx_word' id='word_1_46' title='bbox 2901 1172 3182 1283; x_wconf 87' lang='lat' dir='ltr'>fingu-</span> 
     </span>
     <span class='ocr_line' id='line_1_7' title="bbox 428 1308 3188 1415; baseline 0.002 -28"><span class='ocrx_word' id='word_1_47' title='bbox 428 1312 600 1410; x_wconf 86' lang='lat' dir='ltr'>lari‚</span> <span class='ocrx_word' id='word_1_48' title='bbox 639 1309 703 1389; x_wconf 88' lang='lat' dir='ltr'><strong>fi</strong></span> <span class='ocrx_word' id='word_1_49' title='bbox 744 1311 1153 1415; x_wconf 59' lang='lat' dir='ltr'>punctum</span> <span class='ocrx_word' id='word_1_50' title='bbox 1186 1309 1269 1388; x_wconf 88' lang='lat' dir='ltr'><strong>G</strong></span> <span class='ocrx_word' id='word_1_51' title='bbox 1303 1308 1550 1389; x_wconf 88' lang='lat' dir='ltr'>fuerit</span> <span class='ocrx_word' id='word_1_52' title='bbox 1583 1308 1675 1387; x_wconf 89' lang='lat' dir='ltr'>in</span> <span class='ocrx_word' id='word_1_53' title='bbox 1717 1309 1889 1415; x_wconf 86' lang='lat' dir='ltr'>ipsa</span> <span class='ocrx_word' id='word_1_54' title='bbox 1934 1310 2610 1394; x_wconf 86' lang='lat' dir='ltr'>circumferentia.</span> <span class='ocrx_word' id='word_1_55' title='bbox 2711 1311 3188 1393; x_wconf 79' lang='lat' dir='ltr'>Invenietur</span> 
     </span>
     <span class='ocr_line' id='line_1_8' title="bbox 426 1445 3188 1557; baseline 0.001 -33"><span class='ocrx_word' id='word_1_56' title='bbox 426 1469 703 1525; x_wconf 85' lang='lat' dir='ltr'>autem</span> <span class='ocrx_word' id='word_1_57' title='bbox 742 1448 1147 1552; x_wconf 62' lang='lat' dir='ltr'>punctum</span> <span class='ocrx_word' id='word_1_58' title='bbox 1182 1445 1273 1523; x_wconf 89' lang='lat' dir='ltr'>in</span> <span class='ocrx_word' id='word_1_59' title='bbox 1305 1445 1449 1524; x_wconf 92' lang='lat' dir='ltr'>AC</span> <span class='ocrx_word' id='word_1_60' title='bbox 1483 1445 1905 1551; x_wconf 66' lang='lat' dir='ltr'>producta,</span> <span class='ocrx_word' id='word_1_61' title='bbox 1956 1469 2035 1526; x_wconf 89' lang='lat' dir='ltr'>et</span> <span class='ocrx_word' id='word_1_62' title='bbox 2069 1448 2276 1527; x_wconf 86' lang='lat' dir='ltr'>ratio</span> <span class='ocrx_word' id='word_1_63' title='bbox 2320 1447 2770 1557; x_wconf 63' lang='lat' dir='ltr'>reclanguli</span> <span class='ocrx_word' id='word_1_64' title='bbox 2819 1448 2924 1530; x_wconf 86' lang='lat' dir='ltr'>ad</span> <span class='ocrx_word' id='word_1_65' title='bbox 2970 1476 3188 1556; x_wconf 85' lang='lat' dir='ltr'>qua·-</span> 
     </span>
     <span class='ocr_line' id='line_1_9' title="bbox 426 1581 3184 1688; baseline 0.002 -27"><span class='ocrx_word' id='word_1_66' title='bbox 426 1584 789 1681; x_wconf 87' lang='lat' dir='ltr'>dratum,</span> <span class='ocrx_word' id='word_1_67' title='bbox 842 1582 933 1661; x_wconf 86' lang='lat' dir='ltr'>in</span> <span class='ocrx_word' id='word_1_68' title='bbox 970 1582 1125 1661; x_wconf 88' lang='lat' dir='ltr'>hoc</span> <span class='ocrx_word' id='word_1_69' title='bbox 1161 1582 1373 1679; x_wconf 87' lang='lat' dir='ltr'>casu,</span> <span class='ocrx_word' id='word_1_70' title='bbox 1421 1601 1517 1659; x_wconf 88' lang='lat' dir='ltr'>ut</span> <span class='ocrx_word' id='word_1_71' title='bbox 1549 1581 1941 1687; x_wconf 85' lang='lat' dir='ltr'>sequitur.</span> <span class='ocrx_word' id='word_1_72' title='bbox 2023 1586 2103 1662; x_wconf 87' lang='lat' dir='ltr'>A</span> <span class='ocrx_word' id='word_1_73' title='bbox 2138 1586 2444 1688; x_wconf 61' lang='lat' dir='ltr'>puncto</span> <span class='ocrx_word' id='word_1_74' title='bbox 2479 1586 2544 1662; x_wconf 91' lang='grc' dir='ltr'>Β</span> <span class='ocrx_word' id='word_1_75' title='bbox 2594 1585 2697 1663; x_wconf 90' lang='lat' dir='ltr'>ad</span> <span class='ocrx_word' id='word_1_76' title='bbox 2731 1586 2988 1666; x_wconf 63' lang='lat' dir='ltr'>rectos</span> <span class='ocrx_word' id='word_1_77' title='bbox 3026 1612 3184 1665; x_wconf 88' lang='lat' dir='ltr'>an-</span> 
     </span>
     <span class='ocr_line' id='line_1_10' title="bbox 430 1716 3184 1827; baseline 0.001 -30"><span class='ocrx_word' id='word_1_78' title='bbox 430 1720 663 1825; x_wconf 86' lang='lat' dir='ltr'>gulos</span> <span class='ocrx_word' id='word_1_79' title='bbox 702 1716 850 1825; x_wconf 86' lang='lat' dir='ltr'>ipfi</span> <span class='ocrx_word' id='word_1_80' title='bbox 882 1720 1027 1797; x_wconf 94' lang='lat' dir='ltr'>AB</span> <span class='ocrx_word' id='word_1_81' title='bbox 1062 1718 1411 1797; x_wconf 89' lang='lat' dir='ltr'>ducatur</span> <span class='ocrx_word' id='word_1_82' title='bbox 1458 1716 1564 1795; x_wconf 85' lang='lat' dir='ltr'>ad</span> <span class='ocrx_word' id='word_1_83' title='bbox 1608 1718 2354 1799; x_wconf 87' lang='lat' dir='ltr'>circumferentiam</span> <span class='ocrx_word' id='word_1_84' title='bbox 2401 1721 2636 1827; x_wconf 87' lang='lat' dir='ltr'>super</span> <span class='ocrx_word' id='word_1_85' title='bbox 2679 1721 3184 1801; x_wconf 86' lang='lat' dir='ltr'>diametrum</span> 
     </span>
     <span class='ocr_line' id='line_1_11' title="bbox 430 1853 3186 1963; baseline 0.001 -30"><span class='ocrx_word' id='word_1_86' title='bbox 430 1858 565 1935; x_wconf 92' lang='lat' dir='ltr'>AC</span> <span class='ocrx_word' id='word_1_87' title='bbox 598 1857 821 1935; x_wconf 61' lang='lat' dir='ltr'>recia</span> <span class='ocrx_word' id='word_1_88' title='bbox 858 1856 1025 1953; x_wconf 86' lang='lat' dir='ltr'>BL,</span> <span class='ocrx_word' id='word_1_89' title='bbox 1074 1875 1153 1933; x_wconf 87' lang='lat' dir='ltr'>et</span> <span class='ocrx_word' id='word_1_90' title='bbox 1187 1855 1401 1934; x_wconf 63' lang='lat' dir='ltr'>recia</span> <span class='ocrx_word' id='word_1_91' title='bbox 1434 1853 1835 1933; x_wconf 85' lang='lat' dir='ltr'>circulum</span> <span class='ocrx_word' id='word_1_92' title='bbox 1870 1855 1959 1933; x_wconf 87' lang='lat' dir='ltr'>in</span> <span class='ocrx_word' id='word_1_93' title='bbox 1994 1857 2062 1934; x_wconf 97' lang='lat' dir='ltr'>L</span> <span class='ocrx_word' id='word_1_94' title='bbox 2101 1857 2580 1963; x_wconf 87' lang='lat' dir='ltr'>contingens</span> <span class='ocrx_word' id='word_1_95' title='bbox 2626 1876 2999 1937; x_wconf 87' lang='lat' dir='ltr'>occurrat</span> <span class='ocrx_word' id='word_1_96' title='bbox 3032 1856 3186 1961; x_wconf 88' lang='lat' dir='ltr'>ipfi</span> 
     </span>
     <span class='ocr_line' id='line_1_12' title="bbox 426 1990 3178 2103; baseline 0 -32"><span class='ocrx_word' id='word_1_97' title='bbox 426 1996 563 2071; x_wconf 90' lang='lat' dir='ltr'>AC</span> <span class='ocrx_word' id='word_1_98' title='bbox 598 1994 693 2072; x_wconf 88' lang='lat' dir='ltr'>in</span> <span class='ocrx_word' id='word_1_99' title='bbox 726 1994 851 2073; x_wconf 90' lang='lat' dir='ltr'>M.</span> <span class='ocrx_word' id='word_1_100' title='bbox 924 1990 1103 2071; x_wconf 89' lang='lat' dir='ltr'>Erit</span> <span class='ocrx_word' id='word_1_101' title='bbox 1134 1992 1231 2069; x_wconf 91' lang='lat' dir='ltr'><strong>M</strong></span> <span class='ocrx_word' id='word_1_102' title='bbox 1266 1992 1671 2095; x_wconf 65' lang='lat' dir='ltr'>punctum</span> <span class='ocrx_word' id='word_1_103' title='bbox 1705 1990 2320 2091; x_wconf 84' lang='lat' dir='ltr'>inveniendum,</span> <span class='ocrx_word' id='word_1_104' title='bbox 2371 2013 2452 2072; x_wconf 90' lang='lat' dir='ltr'>et</span> <span class='ocrx_word' id='word_1_105' title='bbox 2484 1993 2690 2074; x_wconf 89' lang='lat' dir='ltr'>ratio</span> <span class='ocrx_word' id='word_1_106' title='bbox 2727 1993 3178 2103; x_wconf 65' lang='lat' dir='ltr'>recianguli</span> 
     </span>
    </p>
   </div>
   <div class='ocr_carea' id='block_1_3' title="bbox 423 2312 3115 3279">
    <p class='ocr_par' dir='ltr' id='par_1_3' title="bbox 423 2312 3115 3279">
     <span class='ocr_line' id='line_1_13' title="bbox 423 2312 3115 3279; baseline 0 0"><span class='ocrx_word' id='word_1_107' title='bbox 423 2312 3115 3279; x_wconf 95' lang='lat' dir='ltr'> </span> 
     </span>
    </p>
   </div>
   <div class='ocr_carea' id='block_1_4' title="bbox 432 3488 3174 4277">
    <p class='ocr_par' dir='ltr' id='par_1_4' title="bbox 432 3488 3174 4011">
     <span class='ocr_line' id='line_1_14' title="bbox 433 3488 3174 3598; baseline 0 -23"><span class='ocrx_word' id='word_1_108' title='bbox 433 3492 694 3593; x_wconf 78' lang='lat' dir='ltr'>AMC,</span> <span class='ocrx_word' id='word_1_109' title='bbox 744 3492 900 3571; x_wconf 88' lang='lat' dir='ltr'>hoc</span> <span class='ocrx_word' id='word_1_110' title='bbox 936 3488 1049 3571; x_wconf 86' lang='lat' dir='ltr'>est</span> <span class='ocrx_word' id='word_1_111' title='bbox 1082 3489 1461 3598; x_wconf 87' lang='lat' dir='ltr'>quadrati</span> <span class='ocrx_word' id='word_1_112' title='bbox 1494 3518 1591 3571; x_wconf 79' lang='lat' dir='ltr'>ex</span> <span class='ocrx_word' id='word_1_113' title='bbox 1620 3492 1791 3571; x_wconf 91' lang='lat' dir='ltr'>LM</span> <span class='ocrx_word' id='word_1_114' title='bbox 1824 3490 1935 3571; x_wconf 81' lang='lat' dir='ltr'>ad</span> <span class='ocrx_word' id='word_1_115' title='bbox 1967 3493 2464 3597; x_wconf 85' lang='lat' dir='ltr'>quadratum</span> <span class='ocrx_word' id='word_1_116' title='bbox 2509 3518 2606 3571; x_wconf 86' lang='lat' dir='ltr'>ex</span> <span class='ocrx_word' id='word_1_117' title='bbox 2640 3494 2838 3592; x_wconf 93' lang='grc' dir='ltr'>ΜΒ,</span> <span class='ocrx_word' id='word_1_118' title='bbox 2888 3493 3174 3575; x_wconf 87' lang='lat' dir='ltr'>eadem</span> 
     </span>
     <span class='ocr_line' id='line_1_15' title="bbox 432 3627 3162 3735; baseline -0 -26"><span class='ocrx_word' id='word_1_119' title='bbox 432 3631 597 3728; x_wconf 85' lang='lat' dir='ltr'>erit,</span> <span class='ocrx_word' id='word_1_120' title='bbox 632 3627 929 3735; x_wconf 61' lang='lat' dir='ltr'>juncta</span> <span class='ocrx_word' id='word_1_121' title='bbox 962 3629 1127 3727; x_wconf 89' lang='lat' dir='ltr'>EL,</span> <span class='ocrx_word' id='word_1_122' title='bbox 1155 3627 1455 3707; x_wconf 88' lang='lat' dir='ltr'>rationi</span> <span class='ocrx_word' id='word_1_123' title='bbox 1488 3628 1866 3733; x_wconf 76' lang='lat' dir='ltr'>quadrati</span> <span class='ocrx_word' id='word_1_124' title='bbox 1902 3655 1997 3708; x_wconf 84' lang='lat' dir='ltr'>ex</span> <span class='ocrx_word' id='word_1_125' title='bbox 2032 3630 2166 3706; x_wconf 76' lang='grc' dir='ltr'>ΕΙ..</span> <span class='ocrx_word' id='word_1_126' title='bbox 2204 3628 2308 3707; x_wconf 86' lang='lat' dir='ltr'>ad</span> <span class='ocrx_word' id='word_1_127' title='bbox 2341 3628 2842 3734; x_wconf 84' lang='lat' dir='ltr'>quadratum</span> <span class='ocrx_word' id='word_1_128' title='bbox 2874 3654 2970 3707; x_wconf 85' lang='lat' dir='ltr'>ex</span> <span class='ocrx_word' id='word_1_129' title='bbox 2995 3630 3162 3730; x_wconf 79' lang='lat' dir='ltr'>LE,</span> 
     </span>
     <span class='ocr_line' id='line_1_16' title="bbox 432 3762 3171 3869; baseline 0.001 -26"><span class='ocrx_word' id='word_1_130' title='bbox 432 3766 573 3845; x_wconf 86' lang='lat' dir='ltr'>hoc</span> <span class='ocrx_word' id='word_1_131' title='bbox 608 3768 723 3845; x_wconf 88' lang='lat' dir='ltr'>est</span> <span class='ocrx_word' id='word_1_132' title='bbox 756 3762 1057 3844; x_wconf 88' lang='lat' dir='ltr'>rationi</span> <span class='ocrx_word' id='word_1_133' title='bbox 1091 3763 1469 3869; x_wconf 86' lang='lat' dir='ltr'>quadrati</span> <span class='ocrx_word' id='word_1_134' title='bbox 1517 3790 1611 3843; x_wconf 87' lang='lat' dir='ltr'>ex</span> <span class='ocrx_word' id='word_1_135' title='bbox 1646 3766 1779 3843; x_wconf 91' lang='lat' dir='ltr'>EC</span> <span class='ocrx_word' id='word_1_136' title='bbox 1826 3763 2174 3844; x_wconf 73' lang='lat' dir='ltr'>dimidio</span> <span class='ocrx_word' id='word_1_137' title='bbox 2221 3762 2462 3868; x_wconf 89' lang='lat' dir='ltr'>ipfius</span> <span class='ocrx_word' id='word_1_138' title='bbox 2507 3764 2650 3843; x_wconf 89' lang='lat' dir='ltr'>AG</span> <span class='ocrx_word' id='word_1_139' title='bbox 2698 3765 2804 3844; x_wconf 89' lang='lat' dir='ltr'>ad</span> <span class='ocrx_word' id='word_1_140' title='bbox 2847 3766 3171 3846; x_wconf 65' lang='lat' dir='ltr'>rectan-</span> 
     </span>
     <span class='ocr_line' id='line_1_17' title="bbox 434 3886 1545 4011; baseline -0.001 -29"><span class='ocrx_word' id='word_1_141' title='bbox 434 3905 713 4011; x_wconf 86' lang='lat' dir='ltr'>gulum</span> <span class='ocrx_word' id='word_1_142' title='bbox 748 3900 989 3981; x_wconf 84' lang='lat' dir='ltr'><strong>ABG.</strong></span> <span class='ocrx_word' id='word_1_143' title='bbox 1028 3886 1037 3897; x_wconf 60' lang='grc'><strong><em>’</em></strong></span> <span class='ocrx_word' id='word_1_144' title='bbox 1536 3904 1545 3911; x_wconf 78' lang='grc'><strong>’</strong></span> 
     </span>
    </p>

    <p class='ocr_par' dir='ltr' id='par_1_5' title="bbox 434 4030 3169 4277">
     <span class='ocr_line' id='line_1_18' title="bbox 554 4030 3168 4144; baseline -0 -28"><span class='ocrx_word' id='word_1_145' title='bbox 554 4034 1155 4144; x_wconf 86' lang='lat' dir='ltr'>Inquirendum</span> <span class='ocrx_word' id='word_1_146' title='bbox 1184 4056 1467 4114; x_wconf 77' lang='lat' dir='ltr'>autem</span> <span class='ocrx_word' id='word_1_147' title='bbox 1500 4032 1611 4113; x_wconf 87' lang='lat' dir='ltr'>est</span> <span class='ocrx_word' id='word_1_148' title='bbox 1650 4060 1761 4111; x_wconf 86' lang='lat' dir='ltr'>an</span> <span class='ocrx_word' id='word_1_149' title='bbox 1794 4034 2001 4114; x_wconf 84' lang='lat' dir='ltr'>ratio</span> <span class='ocrx_word' id='word_1_150' title='bbox 2033 4030 2483 4141; x_wconf 66' lang='lat' dir='ltr'>restan‘guli</span> <span class='ocrx_word' id='word_1_151' title='bbox 2529 4036 2772 4114; x_wconf 91' lang='lat' dir='ltr'>AMC</span> <span class='ocrx_word' id='word_1_152' title='bbox 2817 4036 2922 4115; x_wconf 89' lang='lat' dir='ltr'>ad</span> <span class='ocrx_word' id='word_1_153' title='bbox 2959 4062 3168 4142; x_wconf 82' lang='lat' dir='ltr'>qua,-</span> 
     </span>
     <span class='ocr_line' id='line_1_19' title="bbox 434 4168 3169 4277; baseline -0.001 -24"><span class='ocrx_word' id='word_1_154' title='bbox 434 4174 755 4255; x_wconf 86' lang='lat' dir='ltr'>dratum</span> <span class='ocrx_word' id='word_1_155' title='bbox 788 4199 887 4251; x_wconf 80' lang='lat' dir='ltr'>ex</span> <span class='ocrx_word' id='word_1_156' title='bbox 930 4172 1097 4251; x_wconf 94' lang='grc' dir='ltr'>ΜΒ</span> <span class='ocrx_word' id='word_1_157' title='bbox 1130 4170 1393 4277; x_wconf 86' lang='lat' dir='ltr'>major</span> <span class='ocrx_word' id='word_1_158' title='bbox 1424 4191 1567 4249; x_wconf 86' lang='lat' dir='ltr'>aut</span> <span class='ocrx_word' id='word_1_159' title='bbox 1600 4168 1873 4249; x_wconf 87' lang='lat' dir='ltr'>minor</span> <span class='ocrx_word' id='word_1_160' title='bbox 1902 4168 1997 4249; x_wconf 91' lang='lat' dir='ltr'>fit</span> <span class='ocrx_word' id='word_1_161' title='bbox 2042 4171 2354 4251; x_wconf 87' lang='lat' dir='ltr'>ratione</span> <span class='ocrx_word' id='word_1_162' title='bbox 2399 4198 2653 4277; x_wconf 89' lang='lat' dir='ltr'>quam</span> <span class='ocrx_word' id='word_1_163' title='bbox 2696 4171 2896 4251; x_wconf 88' lang='lat' dir='ltr'>facit</span> <span class='ocrx_word' id='word_1_164' title='bbox 2941 4172 3169 4251; x_wconf 85' lang='lat' dir='ltr'>aliud</span> 
     </span>
    </p>
   </div>
   <div class='ocr_carea' id='block_1_5' title="bbox 438 4305 3308 4417">
    <p class='ocr_par' dir='ltr' id='par_1_6' title="bbox 438 4305 3308 4417">
     <span class='ocr_line' id='line_1_20' title="bbox 438 4305 3308 4417; baseline -0.001 -28"><span class='ocrx_word' id='word_1_165' title='bbox 438 4309 789 4417; x_wconf 76' lang='lat' dir='ltr'>quodvis-</span> <span class='ocrx_word' id='word_1_166' title='bbox 810 4309 1215 4413; x_wconf 62' lang='lat' dir='ltr'>pundfflm</span> <span class='ocrx_word' id='word_1_167' title='bbox 1248 4306 1341 4386; x_wconf 89' lang='lat' dir='ltr'>in</span> <span class='ocrx_word' id='word_1_168' title='bbox 1372 4306 1519 4387; x_wconf 91' lang='lat' dir='ltr'>AC</span> <span class='ocrx_word' id='word_1_169' title='bbox 1554 4305 1972 4412; x_wconf 62' lang='lat' dir='ltr'>producta.</span> <span class='ocrx_word' id='word_1_170' title='bbox 2075 4307 2196 4387; x_wconf 86' lang='lat' dir='ltr'>Sit</span> <span class='ocrx_word' id='word_1_171' title='bbox 2233 4306 2458 4387; x_wconf 85' lang='lat' dir='ltr'>aliud</span> <span class='ocrx_word' id='word_1_172' title='bbox 2503 4305 2850 4413; x_wconf 86' lang='lat' dir='ltr'>quodvis</span> <span class='ocrx_word' id='word_1_173' title='bbox 2900 4334 3166 4411; x_wconf 82' lang='lat' dir='ltr'>pune·</span> <span class='ocrx_word' id='word_1_174' title='bbox 3287 4360 3308 4386; x_wconf 47' lang='lat' dir='ltr'>t</span> 
     </span>
    </p>
   </div>
   <div class='ocr_carea' id='block_1_6' title="bbox 434 4442 3164 4659">
    <p class='ocr_par' dir='ltr' id='par_1_7' title="bbox 434 4442 3164 4659">
     <span class='ocr_line' id='line_1_21' title="bbox 434 4442 3164 4553; baseline 0 -29"><span class='ocrx_word' id='word_1_175' title='bbox 434 4466 605 4543; x_wconf 72' lang='lat' dir='ltr'>tum</span> <span class='ocrx_word' id='word_1_176' title='bbox 647 4447 757 4546; x_wconf 89' lang='lat' dir='ltr'>D,</span> <span class='ocrx_word' id='word_1_177' title='bbox 810 4464 891 4527; x_wconf 89' lang='lat' dir='ltr'>et</span> <span class='ocrx_word' id='word_1_178' title='bbox 934 4444 1283 4527; x_wconf 84' lang='lat' dir='ltr'>ducatur</span> <span class='ocrx_word' id='word_1_179' title='bbox 1322 4444 1541 4527; x_wconf 60' lang='lat' dir='ltr'>recia</span> <span class='ocrx_word' id='word_1_180' title='bbox 1584 4444 1721 4523; x_wconf 91' lang='lat' dir='ltr'>DF</span> <span class='ocrx_word' id='word_1_181' title='bbox 1766 4442 2170 4525; x_wconf 87' lang='lat' dir='ltr'>circulum</span> <span class='ocrx_word' id='word_1_182' title='bbox 2213 4442 2690 4553; x_wconf 85' lang='lat' dir='ltr'>contingens</span> <span class='ocrx_word' id='word_1_183' title='bbox 2735 4442 2826 4522; x_wconf 90' lang='lat' dir='ltr'>in</span> <span class='ocrx_word' id='word_1_184' title='bbox 2871 4446 2957 4543; x_wconf 90' lang='lat' dir='ltr'>F,</span> <span class='ocrx_word' id='word_1_185' title='bbox 3019 4470 3164 4525; x_wconf 90' lang='lat' dir='ltr'>oc·-</span> 
     </span>
     <span class='ocr_line' id='line_1_22' title="bbox 1706 4578 1882 4659; baseline -0.006 0"><span class='ocrx_word' id='word_1_186' title='bbox 1706 4578 1761 4659; x_wconf 91' lang='lat' dir='ltr'>S</span> <span class='ocrx_word' id='word_1_187' title='bbox 1834 4603 1882 4658; x_wconf 82' lang='lat'><em>2</em></span> 
     </span>
    </p>
   </div>
  </div>
 </body>
</html>
