4109 5609
1131 382 2585 483 PRAEFA‘r-to.
3176 434 3229 484 v

477 618 644 700 vivi
671 614 990 699 Parifiis
1017 644 1240 697 anno
1277 644 1306 695 1
1324 614 1418 697 61
1439 640 1483 695 2
1523 614 1766 697 edito.
1837 616 2486 697 constructiones
2523 644 2725 724 quas
2762 618 3009 699 tradit
3046 620 3231 704 Cas.-

479 782 557 839 2.
603 776 684 835 et
734 782 811 861 3.
859 752 1388 860 problematis
1443 751 1570 831 sui
1625 750 1826 832 noni
1883 752 2143 833 bonae
2198 752 2419 853 sunt,
2478 750 2983 863 similemque
3038 754 3223 863 ipfis

477 879 806 973 tertiam
865 890 1120 971 tradit
1168 886 1564 996 Rogerius
1612 888 2161 996 Ventemiglia
2206 889 2295 969 in
2342 916 2526 997 pag.
2569 918 2611 969 2
2620 918 2667 995 5
2679 890 2745 971 ὁ·
2787 894 3225 1001 Analyseos

475 1027 1042 1109 Geometricae
1075 1025 1462 1133 Hugonis
1497 1025 1598 1104 de
1631 1025 2103 1131 Omerique,
2153 1025 2503 1131 aliasque
2536 1026 2741 1108 duas
2776 1028 2938 1133 ipse
2972 1032 3231 1139 Hugo.

478 1164 578 1243 in
613 1190 852 1271 pagg.
890 1162 1081 1261 260,
1127 1161 1320 1266 263,
1367 1160 1724 1265 ejusdem
1755 1161 1970 1244 libri.
2038 1162 2244 1262 Has,
2290 1182 2384 1241 ut
2418 1160 2819 1244 etfimiles
2867 1166 3227 1271 reliquo-

473 1326 676 1380 rum
720 1298 1312 1406 epitagmatum
1359 1298 1591 1378 Prob.
1627 1324 1710 1401 5.
1756 1319 1836 1377 et
1886 1294 1964 1380 6.
2022 1298 2210 1381 Lib.
2258 1325 2287 1379 1
2306 1360 2327 1381 .
2372 1291 2788 1405 Apollonii
2847 1300 3225 1383 dedimus

475 1438 574 1519 in
611 1462 894 1517 eorum
940 1432 1760 1514 demonstrationibus
1800 1434 2194 1518 secundis,
3270 1539 3281 1547 ·

621 1576 840 1653 Cum
871 1571 1128 1680 igitur
1159 1571 1350 1649 libri
1384 1571 1483 1649 de
1517 1570 1883 1651 Seciione
1916 1571 2473 1653 Determinata
2508 1599 2679 1653 non
2714 1571 2862 1653 nifi
2896 1574 3231 1656 obscure

481 1730 564 1789 et
601 1708 1070 1814 imperfecte
1103 1708 1492 1787 haetenus
1529 1706 2008 1807 habeantur,
2061 1734 2104 1787 e
2150 1734 2235 1787 re
2280 1710 2765 1815 geometriae
2808 1710 3075 1791 -visum
3118 1714 3229 1791 est

481 1874 620 1927 eos
658 1846 978 1951 plenius
1013 1866 1091 1925 et
1127 1843 1390 1953 magis
1425 1843 1794 1923 distincte
1819 1844 2155 1926 tradere.
2216 1844 2489 1925 Multa
2521 1846 2755 1925 enim·
2779 1847 3233 1951 problema.-

479 2003 596 2081 ta,
625 1982 734 2061 ad
772 2010 862 2062 ea
897 2008 1107 2087 quae
1127 1981 1218 2059 in
1253 1980 1465 2059 hisce
1500 1978 1732 2059 libris
1766 1981 2246 2078 traciantur,
2282 1981 2823 2065 deducuntur.
2873 1986 3027 2066 Eos
3065 1983 3228 2092 igi-

485 2140 624 2199 tur
673 2118 962 2199 multis
1009 2116 1310 2196 abhinc
1361 2115 1596 2196 annis
1645 2116 2050 2196 restituere
2098 2114 2532 2224 aggreffuS,
2595 2118 2865 2197 statim
2912 2120 3231 2227 percepi

485 2282 656 2337 non
701 2276 876 2335 tam
921 2251 1248 2334 difficile
1305 2252 1477 2333 fore
1523 2252 2022 2357 problemata
2067 2251 2263 2333 haec
2316 2252 2929 2359 quodammodo
2972 2257 3235 2337 soluta

485 2393 707 2492 dare,
759 2419 1016 2499 quam
1049 2418 1332 2469 eorum
1366 2389 1860 2495 epitagmata
1895 2408 1972 2467 et
2007 2388 2715 2470 determinationes
2750 2390 2905 2471 rite
2939 2392 3231 2473 distin-

485 2556 762 2638 guere,
819 2548 900 2607 et
943 2525 1316 2607 exhibere
1359 2546 1896 2630 congruenter
1941 2552 2285 2603 numero
2333 2546 2411 2604 et
2454 2526 2726 2605 ordini
2783 2529 3243 2611 secundum

487 2692 738 2773 quem
785 2666 1098 2769 Pappus
1149 2662 1425 2741 eadem
1469 2660 1922 2757 distribuit3
1987 2660 2387 2740 maximae
2424 2682 2699 2743 autern
2732 2664 3234 2747 difficultatis

485 2829 660 2883 rem
705 2798 858 2881 effe
901 2800 994 2879 in
1046 2798 1270 2877 viam
1301 2794 1930 2902 Apollonianam
1963 2795 2347 2896 incidere,
2398 2796 2553 2879 hoc
2602 2798 2713 2877 est
2748 2826 2955 2905 quae
2988 2800 3237 2907 ipfius

491 2937 1012 3019 lemmatibus
1058 2935 1484 3041 indigeret,
1536 2954 1614 3011 et
1661 2932 1764 3011 ad
1811 2932 2167 3037 ejusdem
2212 2933 2923 3017 determinationes
2982 2938 3235 3018 duce·-

491 3094 634 3157 ret.
705 3074 818 3153 Et
843 3072 1184 3179 quidem
1217 3068 1466 3175 pudet
1490 3068 1751 3147 dicere
1787 3069 2107 3174 quoties
2139 3068 2369 3150 irrito
2406 3071 2837 3153 conamine
2868 3072 3079 3155 haec.
3098 3074 3237 3153 in-

491 3210 762 3291 venire
817 3206 1223 3317 aggress'us
1268 3207 1479 3304 sum,
1545 3204 2020 3311 quotiesque
2078 3231 2165 3284 re
2210 3206 2646 3311 desperata,
2706 3210 2811 3287 ab
2860 3210 3239 3316 incoepto

491 3344 838 3428 destitui.
911 3343 1286 3423 Tandem
1319 3369 1537 3425 anno
1583 3341 1880 3421 scilicet
1927 3368 2135 3449 1727
2184 3342 2667 3421 solutionem
2712 3344 3235 3448 problematis

493 3511 568 3591 5.
605 3510 684 3565 et
721 3483 800 3565 6.
848 3480 1036 3563 Lib.
1085 3507 1154 3562 1.
1202 3506 1351 3584 ope
1386 3478 1870 3558 lemmatum
1919 3477 2167 3581 Pappi
2212 3479 2529 3577 nafflus,
2582 3479 3085 3583 problemata
3131 3481 3237 3561 li-

488 3620 618 3700 bri
662 3617 994 3699 secundi
1051 3616 1504 3726 tentabam,
1560 3612 1696 3693 sed
1753 3612 1890 3693 hic
1951 3612 2253 3693 iterum
2296 3613 2507 3693 mihi
2566 3612 2947 3695 haerebat
2992 3646 3233 3741 aqua,

485 3755 718 3837 novis
753 3750 1104 3835 subortis
1127 3748 1773 3848 difficultatibus,
1805 3776 2005 3855 quas
2033 3770 2309 3828 tamen
2344 3749 2711 3854 pertinax
2749 3752 2943 3831 vicit
2980 3754 3236 3835 labor.

481 3896 758 3998 Atque
803 3888 959 3969 hoc
995 3888 1248 3969 modo
1294 3914 1390 3965 ex
1422 3884 1670 3991 Pappi
1707 3885 2061 3992 generali
2100 3882 2663 3990 propofitione,
2714 3908 2791 3965 et
2826 3888 3239 3968 lemmati-

481 4030 640 4109 bus
679 4028 784 4107 ab
822 4051 917 4104 eo
951 4022 1308 4122 servatis,
1357 4020 1770 4127 Apollonii
1815 4019 2005 4123 libri
2051 4020 2317 4100 multa
2356 4020 2966 4129 investigatione
3001 4023 3237 4103 foeli-

480 4164 710 4265 citer,
735 4184 834 4243 ut
857 4158 1288 4269 geometris
1323 4157 1690 4237 visurum
1713 4157 2152 4261 speramus,
2191 4156 2281 4235 in
2316 4159 2583 4237 lucem
2620 4157 2992 4261 producli
3020 4158 3235 4264 sunt,

475 4324 560 4384 et
599 4300 718 4381 ita
753 4294 1102 4379 restituti
1135 4315 1231 4375 ut
1277 4293 1380 4373 ab
1418 4291 1602 4399 ipfis
1633 4292 2048 4397 Apollonii
2096 4292 2323 4373 libris
2372 4293 2807 4399 paululum
2853 4314 2993 4372 aut
3028 4294 3237 4375 nihil

469 4435 798 4523 differre
811 4430 1074 4517 'facile
1109 4430 1546 4543 agnostant
1589 4428 1650 4511 ii
1687 4428 1832 4540 qui
1879 4425 2457 4539 propositiones
2494 4412 2699 4536 ipsas
2738 4450 2815 4510 et
2850 4429 3237 4511 lemmata
