4109 5609
912 396 1071 481 168
1253 394 1431 475 DE
1496 386 2194 473 S3E²CTIONE
2255 378 3316 467 DETERMIN'ATA

905 636 1005 700 ut
1040 613 1537 721 quadratum
1572 638 1668 691 ex
1702 610 1861 689 BH
1894 608 1999 688 ad
2035 607 2534 715 quadratum
2555 630 2664 687 ex
2695 605 2882 685 HE.
2949 605 3224 711 Atque
3256 601 3452 681 haec
3491 595 3664 705 ipsa

910 752 1023 833 est
1054 748 1627 833 determinatio
1662 772 1917 855 quam
1961 748 2278 852 Pappus
2314 762 2717 823 memorat
2739 740 2842 821 -in
2859 742 3108 846 :Prop.
3149 738 3284 821 62.
3319 736 3506 821 Lib.
3538 760 3616 845 7.

1799 885 2370 991 componetur
2415 880 2569 961 hoc
2617 856 2772 979 ita.

906 1072 915 1079 ·
1028 1027 1376 1107 διε-σεται·
1410 1026 1544 1103 ΕΒ
1579 1021 1669 1101 in
1704 1022 1825 1121 H,
1874 1020 1991 1097 ita
2034 1042 2132 1101 ut
2179 1018 2677 1125 quadratum
2711 1043 2808 1095 ex
2843 1016 3002 1095 BH
3033 1012 3131 1093 'fit
3165 1013 3272 1092 ad
3305 1010 3670 1117 quadra-

792 1170 807 1189 '
902 1184 1099 1245 tum
1134 1190 1229 1243 ex
1264 1164 1452 1261 HE,
1500 1180 1599 1239 ut
1632 1160 2204 1265 ree'tangulum
2235 1157 2448 1235 ABC
2481 1154 2588 1233 ad
2621 1152 2894 1258 ipsum
2925 1152 3166 1250 AEG,
3216 1150 3672 1255 pandimu-

908 1328 1079 1409 que
1104 1302 1193 1379 H
1219 1298 1371 1378 erit
1391 1298 1482 1377 id
1508 1296 1733 1402 quod
1754 1294 1951 1375 facit
1976 1294 2416 1373 minimam
2439 1289 2867 1371 rationem.
2937 1290 3158 1367 Nam
3180 1314 3276 1367 ex
3299 1285 3452 1388 hac
3478 1312 3676 1390 pro-

918 1436 1291 1544 portione
1326 1457 1406 1514 et
1440 1453 1667 1540 parte
1706 1432 1873 1538 gtia
1906 1452 1985 1511 et
2020 1450 2162 1536 4ta
2194 1432 2429 1534 Preop.
2475 1453 2603 1510 20.
2651 1426 2804 1507 erit
2851 1416 3348 1532 quadratdm
3383 1449 3480 1501 ex
3517 1422 3682 1501 BH
3787 1458 3798 1465 ·

919 1574 1027 1655 ad
1046 1572 1561 1681 quadratum
1594 1596 1691 1649 ex
1711 1570 1901 1668 HE,
1923 1566 2616 1675 ut.1:e&angulum
2639 1562 2754 1662 G,
2772 1566 2918 1644 DB
2943 1562 3050 1641 ad
3071 1559 3342 1668 ipsum
3365 1560 3480 1659 G,
3495 1558 3682 1655 DE,

912 1710 1077 1793 hoc
1113 1711 1225 1790 est
1257 1729 1353 1789 ut
1388 1710 1607 1789 resta
1643 1708 1786 1785 BD
1813 1706 1919 1784 ad

924 1848 1187 1955 ipsam
1208 1849 1382 1929 DE.
1453 1844 1742 1953 Igitur,
1772 1869 1913 1949 per
1976 1850 1981 1860 '
2049 1838 2119 1917 L
2187 1842 2266 1921 A
2510 1840 2598 1918 ‘C
2630 1838 2808 1917 ?DE
2901 1838 2993 1917 H
3095 1822 3178 1917 K
3301 1836 3360 1913 F
3391 1832 3492 1911 M
3615 1832 3686 1909 Β

922 1988 1158 2091 Prop.
1194 2012 1225 2065 1
1242 1984 1319 2066 6.
1346 1982 1915 2089 redtangulum
3113 1986 3120 1993 ’
3317 1969 3338 1995 ⁴

926 2123 1143 2205 BDE
1179 2120 1510 2227 aequale
1550 2119 1663 2199 est
1705 2145 1915 2225 qua·
2767 2106 2852 2185 G

930 2260 1167 2341 drato
1203 2286 1299 2339 ex
1320 2260 1521 2356 DH,
1562 2278 1640 2337 et
1676 2282 1923 2361 prop-

934 2416 1153 2476 terea
1218 2397 1404 2474 DH
1472 2392 1745 2473 media
1815 2391 1926 2471 est
2063 2348 2139 2427 Ο
2383 2350 2451 2425 Ρ
2523 2345 2661 2459 Q.

922 2530 1561 2640 eproportionalis
1579 2530 1789 2609 inter
1802 2529 1927 2635 ip·-
2085 2482 2579 2526 ““““““”““’““-

938 2669 1059 2749 sas
1098 2670 1270 2768 BD,
1304 2669 1504 2766 DE;
1568 2666 1940 2773 ideoque,
1988 2696 2086 2749 ex
2123 2665 2592 2774 praemis'fiS,
2641 2668 3048 2774 punfflmm
3079 2670 3174 2748 H
3205 2664 3406 2749 fac'it
3440 2670 3704 2777 mini-

918 2832 1173 2887 -mam
1196 2804 1632 2886 rationem.
1739 2805 1997 2883 Potest
2042 2805 2291 2885 etiam
2337 2807 2743 2911 pune’tum
2789 2808 2880 2884 H
2925 2804 3280 2886 inveniri
3323 2804 3384 2885 fi
3423 2806 3568 2886 fiat
3599 2828 3702 2887 ut

938 2942 1517 3051 tefiangulum
1555 2941 1907 3020 BAE-ad
1940 2942 2212 3047 ipsum
2257 2942 2486 3042 BCE,
2537 2942 2653 3021 ita
2697 2943 3198 3049 quadratum
3225 2972 3338 3023 ex
3381 2946 3548 3025 AH
3587 2944 3710 3023 ad

948 3079 1449 3188 quadratum
1485 3104 1580 3157 ex
1614 3077 1800 3175 HC,
1848 3098 1943 3157 ut
1979 3080 2287 3159 constat
2322 3106 2418 3158 ex
2451 3082 2684 3185 Prop.
2735 3106 2764 3159 1
2783 3080 2858 3161 ἃ

1087 3218 1193 3295 Et
1226 3214 1533 3320 punfia
1564 3211 1712 3320 ipfi
1746 3216 1837 3292 H
1872 3215 2250 3322 propiora
2285 3215 2640 3297 minores
2687 3214 3006 3295 faciunt
3051 3216 3402 3297 rationes
3447 3229 3711 3323 quam

955 3354 1263 3461 pune’ta
1296 3350 1731 3431 remotiora
1766 3351 1870 3432 ad
1904 3352 2222 3432 easdem
2254 3372 2518 3457 partes
2554 3351 2840 3458 punffi
2865 3354 2982 3435 H.
3027 3352 3150 3433 Sit
3167 3352 3412 3433 enim
3448 3380 3710 3459 punc-

948 3510 1146 3575 tum
1206 3492 1263 3570 F
1322 3488 1657 3597 propius
1702 3485 1852 3593 ipfi
1886 3490 1987 3567 -H
2032 3516 2290 3595 quam
2335 3490 2738 3595 punaum
2781 3490 2880 3567 M
2927 3489 3033 3568 ad
3077 3490 3398 3569 easdem
3443 3512 3710 3595 partes

948 3626 1252 3734 -punffi
1284 3628 1399 3709 H.
1502 3624 1766 3732 Igitur
1786 3652 1941 3731 Ῥει-
1974 3652 2067 3705 ea
2101 3652 2312 3733 quae
2341 3625 2648 3705 ostensa
2679 3625 2868 3705 sunt
2901 3624 2993 3705 in
3035 3626 3716 3707 determinatione

860 3762 882 3773 ”
922 3760 1493 3845 'Problematis
1536 3760 1629 3840 in
1673 3762 1905 3869 Prop.
1950 3789 2092 3873 47.
2159 3760 2311 3843 erit
2352 3762 2562 3843 ratio
2604 3762 3056 3871 reetanguli
3099 3763 3214 3863 G,
3245 3766 3381 3843 FD
3427 3764 3534 3843 ad
3577 3764 3715 3869 ip-

960 3898 1149 3990 sum
1182 3898 1376 3979 EFB
1396 3897 1687 3979 minor
1728 3900 2044 3979 ratione
2087 3899 2540 4007 restanguli
2579 3899 2700 3999 G,
2725 3900 2922 3979 MD.
2952 3901 3060 3980 ad
3103 3899 3374 4007 ipsum
3421 3900 3656 3979 EMB
3677 3936 3710 3999 3

934 4064 1245 4146 quare,
1295 4034 1765 4135 dividendo,
1828 4058 1907 4117 et
1952 4063 2096 4143 per
2137 4038 2372 4141 Prop.
2415 4062 2546 4140 25.
2607 4037 2816 4117 ratio
2859 4038 3312 4146 restanguli
3357 4038 3490 4115 AF
3493 4038 3560 4116 C
3609 4036 3719 4115 ael

931 4174 1245 4281 -ipsum
1286 4173 1479 4253 EFB
1514 4172 1790 4255 minor
1834 4174 1946 4256 est
1986 4173 2302 4256 ratione
2335 4173 2799 4283 reetanguli
2841 4174 3086 4255 AMC
3131 4174 3237 4256 ad
3279 4176 3718 4283 reetangu—

954 4311 1151 4395 :lum
1186 4310 1445 4393 EMB.
