<?xml version="1.0" encoding="UTF-8"?>
<!DOCTYPE html PUBLIC "-//W3C//DTD XHTML 1.0 Transitional//EN"
    "http://www.w3.org/TR/xhtml1/DTD/xhtml1-transitional.dtd">
<html xmlns="http://www.w3.org/1999/xhtml" xml:lang="en" lang="en">
 <head>
  <title>
</title>
<meta http-equiv="Content-Type" content="text/html;charset=utf-8" />
  <meta name='ocr-system' content='tesseract 3.04.00' />
  <meta name='ocr-capabilities' content='ocr_page ocr_carea ocr_par ocr_line ocrx_word'/>
</head>
<body>
  <div class='ocr_page' id='page_1' title='image "./robertisimsonmd00unkngoog_0433.png"; bbox 0 0 4109 5609; ppageno 0'>
   <div class='ocr_carea' id='block_1_1' title="bbox 1068 396 3196 513">
    <p class='ocr_par' dir='ltr' id='par_1_1' title="bbox 1068 396 3196 513">
     <span class='ocr_line' id='line_1_1' title="bbox 1068 396 3196 513; baseline 0.001 -32"><span class='ocrx_word' id='word_1_1' title='bbox 1068 400 1253 481; x_wconf 87' lang='lat' dir='ltr'><strong>DE</strong></span> <span class='ocrx_word' id='word_1_2' title='bbox 1348 396 2562 483; x_wconf 72' lang='lat' dir='ltr'>PORISMAT&#39;IBUS:</span> <span class='ocrx_word' id='word_1_3' title='bbox 3024 426 3196 513; x_wconf 82' lang='lat'><strong>407</strong></span> 
     </span>
    </p>
   </div>
   <div class='ocr_carea' id='block_1_2' title="bbox 426 616 3254 1827">
    <p class='ocr_par' dir='ltr' id='par_1_2' title="bbox 436 616 3212 851">
     <span class='ocr_line' id='line_1_2' title="bbox 439 616 3212 727; baseline 0.001 -26"><span class='ocrx_word' id='word_1_4' title='bbox 439 622 497 664; x_wconf 86' lang='lat'><strong>“</strong></span> <span class='ocrx_word' id='word_1_5' title='bbox 544 618 873 727; x_wconf 69' lang='lat' dir='ltr'><strong>punffis</strong></span> <span class='ocrx_word' id='word_1_6' title='bbox 908 622 1027 719; x_wconf 80' lang='lat' dir='ltr'><strong>H,</strong></span> <span class='ocrx_word' id='word_1_7' title='bbox 1065 620 1143 699; x_wconf 92' lang='lat' dir='ltr'>Y</span> <span class='ocrx_word' id='word_1_8' title='bbox 1175 618 1653 725; x_wconf 83' lang='lat' dir='ltr'><strong>adjacentia,</strong></span> <span class='ocrx_word' id='word_1_9' title='bbox 1708 645 1917 727; x_wconf 85' lang='lat' dir='ltr'><strong>quae</strong></span> <span class='ocrx_word' id='word_1_10' title='bbox 1944 617 2164 697; x_wconf 87' lang='lat' dir='ltr'><strong>inter</strong></span> <span class='ocrx_word' id='word_1_11' title='bbox 2197 619 2274 699; x_wconf 88' lang='lat' dir='ltr'><strong>se</strong></span> <span class='ocrx_word' id='word_1_12' title='bbox 2319 616 2746 699; x_wconf 79' lang='lat' dir='ltr'><strong>habebunt</strong></span> <span class='ocrx_word' id='word_1_13' title='bbox 2789 616 3212 703; x_wconf 71' lang='lat' dir='ltr'><strong>ratibnem-</strong></span> 
     </span>
     <span class='ocr_line' id='line_1_3' title="bbox 436 750 1875 851; baseline -0.001 -14"><span class='ocrx_word' id='word_1_14' title='bbox 436 763 491 800; x_wconf 90' lang='lat'><strong>“</strong></span> <span class='ocrx_word' id='word_1_15' title='bbox 540 757 885 837; x_wconf 86' lang='lat' dir='ltr'><strong>eandem</strong></span> <span class='ocrx_word' id='word_1_16' title='bbox 920 758 1153 837; x_wconf 88' lang='lat' dir='ltr'><strong>datae</strong></span> <span class='ocrx_word' id='word_1_17' title='bbox 1186 755 1489 837; x_wconf 75' lang='lat' dir='ltr'><strong>rationi</strong></span> <span class='ocrx_word' id='word_1_18' title='bbox 1518 782 1573 833; x_wconf 84' lang='grc' dir='ltr'><strong>α.</strong></span> <span class='ocrx_word' id='word_1_19' title='bbox 1610 756 1715 835; x_wconf 90' lang='lat' dir='ltr'><strong>ad</strong></span> <span class='ocrx_word' id='word_1_20' title='bbox 1742 750 1875 851; x_wconf 83' lang='grc' dir='ltr'><strong>β.”</strong></span> 
     </span>
    </p>

    <p class='ocr_par' dir='ltr' id='par_1_3' title="bbox 426 890 3254 1827">
     <span class='ocr_line' id='line_1_4' title="bbox 566 890 3254 1001; baseline 0.001 -28"><span class='ocrx_word' id='word_1_21' title='bbox 566 896 903 975; x_wconf 70' lang='grc' dir='ltr'><strong>Ἑειὲὶιιω</strong></span> <span class='ocrx_word' id='word_1_22' title='bbox 940 916 1180 1001; x_wconf 82' lang='lat' dir='ltr'><strong>puta3</strong></span> <span class='ocrx_word' id='word_1_23' title='bbox 1244 916 1325 974; x_wconf 88' lang='lat' dir='ltr'><strong>et</strong></span> <span class='ocrx_word' id='word_1_24' title='bbox 1361 893 1761 1001; x_wconf 86' lang='lat' dir='ltr'><strong>quoniam</strong></span> <span class='ocrx_word' id='word_1_25' title='bbox 1792 920 1843 971; x_wconf 90' lang='lat' dir='ltr'><strong>a</strong></span> <span class='ocrx_word' id='word_1_26' title='bbox 1874 890 2090 973; x_wconf 87' lang='lat' dir='ltr'><strong>datis</strong></span> <span class='ocrx_word' id='word_1_27' title='bbox 2127 890 2454 999; x_wconf 65' lang='lat' dir='ltr'><strong>punstis</strong></span> <span class='ocrx_word' id='word_1_28' title='bbox 2489 894 2594 993; x_wconf 85' lang='lat' dir='ltr'><strong>A,</strong></span> <span class='ocrx_word' id='word_1_29' title='bbox 2633 892 2698 971; x_wconf 92' lang='lat' dir='ltr'><strong>B</strong></span> <span class='ocrx_word' id='word_1_30' title='bbox 2733 890 2840 973; x_wconf 84' lang='lat' dir='ltr'><strong>ad</strong></span> <span class='ocrx_word' id='word_1_31' title='bbox 2885 894 3194 975; x_wconf 64' lang='lat' dir='ltr'><strong>redkam</strong></span> <span class='ocrx_word' id='word_1_32' title='bbox 3245 976 3254 985; x_wconf 75' lang='grc'><em>,</em></span> 
     </span>
     <span class='ocr_line' id='line_1_5' title="bbox 433 1028 3193 1137; baseline 0 -27"><span class='ocrx_word' id='word_1_33' title='bbox 433 1029 816 1137; x_wconf 84' lang='lat' dir='ltr'><strong>pofitione</strong></span> <span class='ocrx_word' id='word_1_34' title='bbox 852 1032 1133 1111; x_wconf 87' lang='lat' dir='ltr'><strong>datam</strong></span> <span class='ocrx_word' id='word_1_35' title='bbox 1176 1034 1339 1111; x_wconf 88' lang='lat' dir='ltr'><strong>CD</strong></span> <span class='ocrx_word' id='word_1_36' title='bbox 1380 1028 1723 1111; x_wconf 78' lang='lat' dir='ltr'><strong>inflexae</strong></span> <span class='ocrx_word' id='word_1_37' title='bbox 1766 1028 1957 1111; x_wconf 87' lang='lat' dir='ltr'><strong>sunt</strong></span> <span class='ocrx_word' id='word_1_38' title='bbox 2000 1032 2189 1131; x_wconf 83' lang='lat' dir='ltr'><strong>AE,</strong></span> <span class='ocrx_word' id='word_1_39' title='bbox 2237 1030 2387 1109; x_wconf 84' lang='lat' dir='ltr'><strong>BE</strong></span> <span class='ocrx_word' id='word_1_40' title='bbox 2433 1056 2788 1137; x_wconf 81' lang='lat' dir='ltr'><strong>quarum</strong></span> <span class='ocrx_word' id='word_1_41' title='bbox 2837 1058 3003 1111; x_wconf 76' lang='lat' dir='ltr'><strong>una</strong></span> <span class='ocrx_word' id='word_1_42' title='bbox 3045 1033 3193 1111; x_wconf 85' lang='grc' dir='ltr'><strong>ΑΕ</strong></span> 
     </span>
     <span class='ocr_line' id='line_1_6' title="bbox 431 1166 3190 1276; baseline 0.001 -28"><span class='ocrx_word' id='word_1_43' title='bbox 431 1168 831 1249; x_wconf 87' lang='lat' dir='ltr'>abscindit</span> <span class='ocrx_word' id='word_1_44' title='bbox 868 1196 915 1248; x_wconf 88' lang='lat' dir='ltr'><strong>a</strong></span> <span class='ocrx_word' id='word_1_45' title='bbox 960 1167 1349 1273; x_wconf 71' lang='lat' dir='ltr'><strong>positione</strong></span> <span class='ocrx_word' id='word_1_46' title='bbox 1393 1168 1583 1249; x_wconf 84' lang='lat' dir='ltr'><strong>data</strong></span> <span class='ocrx_word' id='word_1_47' title='bbox 1628 1170 1755 1248; x_wconf 88' lang='lat' dir='ltr'><strong>CF</strong></span> <span class='ocrx_word' id='word_1_48' title='bbox 1799 1169 2310 1276; x_wconf 80' lang='lat' dir='ltr'>segmentum</span> <span class='ocrx_word' id='word_1_49' title='bbox 2355 1168 2532 1247; x_wconf 91' lang='lat' dir='ltr'><strong>GH</strong></span> <span class='ocrx_word' id='word_1_50' title='bbox 2577 1166 2950 1274; x_wconf 82' lang='lat' dir='ltr'><strong>adjacens</strong></span> <span class='ocrx_word' id='word_1_51' title='bbox 2995 1168 3190 1251; x_wconf 87' lang='lat' dir='ltr'><strong>dato</strong></span> 
     </span>
     <span class='ocr_line' id='line_1_7' title="bbox 431 1304 3190 1413; baseline 0.001 -29"><span class='ocrx_word' id='word_1_52' title='bbox 431 1306 735 1411; x_wconf 63' lang='lat' dir='ltr'><strong>pund’to</strong></span> <span class='ocrx_word' id='word_1_53' title='bbox 770 1308 889 1405; x_wconf 86' lang='lat' dir='ltr'><strong>H,</strong></span> <span class='ocrx_word' id='word_1_54' title='bbox 954 1307 1402 1407; x_wconf 83' lang='lat' dir='ltr'><strong>abscindet,</strong></span> <span class='ocrx_word' id='word_1_55' title='bbox 1464 1332 1607 1413; x_wconf 88' lang='lat' dir='ltr'><strong>per</strong></span> <span class='ocrx_word' id='word_1_56' title='bbox 1640 1304 1995 1387; x_wconf 89' lang='lat' dir='ltr'><strong>Porisma</strong></span> <span class='ocrx_word' id='word_1_57' title='bbox 2028 1306 2120 1384; x_wconf 89' lang='lat' dir='ltr'><strong>in</strong></span> <span class='ocrx_word' id='word_1_58' title='bbox 2154 1308 2386 1411; x_wconf 89' lang='lat' dir='ltr'>Prop.</span> <span class='ocrx_word' id='word_1_59' title='bbox 2430 1330 2560 1413; x_wconf 85' lang='lat'><strong>23.</strong></span> <span class='ocrx_word' id='word_1_60' title='bbox 2608 1306 2856 1387; x_wconf 85' lang='lat' dir='ltr'><strong>altera</strong></span> <span class='ocrx_word' id='word_1_61' title='bbox 2902 1304 3036 1385; x_wconf 89' lang='lat' dir='ltr'><strong>BE</strong></span> <span class='ocrx_word' id='word_1_62' title='bbox 3079 1304 3190 1389; x_wconf 86' lang='lat' dir='ltr'><strong>ab</strong></span> 
     </span>
     <span class='ocr_line' id='line_1_8' title="bbox 430 1440 3190 1553; baseline 0.001 -32"><span class='ocrx_word' id='word_1_63' title='bbox 430 1443 585 1521; x_wconf 87' lang='lat' dir='ltr'><strong>alia</strong></span> <span class='ocrx_word' id='word_1_64' title='bbox 620 1443 985 1549; x_wconf 86' lang='lat' dir='ltr'><strong>quadarn</strong></span> <span class='ocrx_word' id='word_1_65' title='bbox 1021 1446 1237 1525; x_wconf 53' lang='lat' dir='ltr'><strong>reeta</strong></span> <span class='ocrx_word' id='word_1_66' title='bbox 1270 1445 1783 1553; x_wconf 86' lang='lat' dir='ltr'><strong>segmentum</strong></span> <span class='ocrx_word' id='word_1_67' title='bbox 1816 1444 2012 1523; x_wconf 87' lang='lat' dir='ltr'><strong>dato</strong></span> <span class='ocrx_word' id='word_1_68' title='bbox 2044 1445 2350 1549; x_wconf 60' lang='lat' dir='ltr'><strong>punito</strong></span> <span class='ocrx_word' id='word_1_69' title='bbox 2387 1445 2758 1549; x_wconf 79' lang='lat' dir='ltr'><strong>adjacens</strong></span> <span class='ocrx_word' id='word_1_70' title='bbox 2807 1440 2912 1523; x_wconf 87' lang='lat' dir='ltr'><strong>ad</strong></span> <span class='ocrx_word' id='word_1_71' title='bbox 2961 1445 3190 1551; x_wconf 84' lang='lat' dir='ltr'>quod</span> 
     </span>
     <span class='ocr_line' id='line_1_9' title="bbox 428 1577 3188 1675; baseline 0.003 -17"><span class='ocrx_word' id='word_1_72' title='bbox 428 1581 775 1659; x_wconf 87' lang='lat' dir='ltr'><strong>alterum</strong></span> <span class='ocrx_word' id='word_1_73' title='bbox 820 1580 998 1659; x_wconf 91' lang='lat' dir='ltr'><strong>GH</strong></span> <span class='ocrx_word' id='word_1_74' title='bbox 1045 1580 1383 1661; x_wconf 86' lang='lat' dir='ltr'><strong>habebit</strong></span> <span class='ocrx_word' id='word_1_75' title='bbox 1424 1582 1827 1661; x_wconf 88' lang='lat' dir='ltr'><strong>rationem</strong></span> <span class='ocrx_word' id='word_1_76' title='bbox 1873 1582 2216 1661; x_wconf 89' lang='lat' dir='ltr'><strong>eandem</strong></span> <span class='ocrx_word' id='word_1_77' title='bbox 2263 1581 2496 1661; x_wconf 86' lang='lat' dir='ltr'><strong>datae</strong></span> <span class='ocrx_word' id='word_1_78' title='bbox 2541 1581 2840 1663; x_wconf 87' lang='lat' dir='ltr'><strong>rationi</strong></span> <span class='ocrx_word' id='word_1_79' title='bbox 2883 1606 2935 1659; x_wconf 83' lang='grc' dir='ltr'>α</span> <span class='ocrx_word' id='word_1_80' title='bbox 2971 1583 3074 1662; x_wconf 93' lang='lat' dir='ltr'><strong>ad</strong></span> <span class='ocrx_word' id='word_1_81' title='bbox 3107 1577 3188 1675; x_wconf 78' lang='grc' dir='ltr'><strong>β.</strong></span> 
     </span>
     <span class='ocr_line' id='line_1_10' title="bbox 426 1712 3199 1827; baseline 0.002 -34"><span class='ocrx_word' id='word_1_82' title='bbox 426 1716 895 1796; x_wconf 75' lang='lat' dir='ltr'><strong>Inveniatur</strong></span> <span class='ocrx_word' id='word_1_83' title='bbox 926 1716 1125 1799; x_wconf 88' lang='lat' dir='ltr'><strong>haec</strong></span> <span class='ocrx_word' id='word_1_84' title='bbox 1160 1721 1405 1819; x_wconf 58' lang='lat' dir='ltr'><strong>reeta,</strong></span> <span class='ocrx_word' id='word_1_85' title='bbox 1454 1719 1712 1827; x_wconf 88' lang='lat' dir='ltr'><strong>fitque</strong></span> <span class='ocrx_word' id='word_1_86' title='bbox 1746 1720 1925 1819; x_wconf 88' lang='lat' dir='ltr'><strong>KL,</strong></span> <span class='ocrx_word' id='word_1_87' title='bbox 1976 1740 2058 1799; x_wconf 87' lang='lat' dir='ltr'><strong>et</strong></span> <span class='ocrx_word' id='word_1_88' title='bbox 2091 1716 2186 1799; x_wconf 87' lang='lat' dir='ltr'><strong>fit</strong></span> <span class='ocrx_word' id='word_1_89' title='bbox 2223 1718 2320 1797; x_wconf 92' lang='lat' dir='ltr'>M</span> <span class='ocrx_word' id='word_1_90' title='bbox 2355 1721 2760 1827; x_wconf 64' lang='lat' dir='ltr'><strong>pundhim</strong></span> <span class='ocrx_word' id='word_1_91' title='bbox 2795 1712 2886 1801; x_wconf 87' lang='lat' dir='ltr'><strong>in</strong></span> <span class='ocrx_word' id='word_1_92' title='bbox 2923 1745 3014 1801; x_wconf 86' lang='lat' dir='ltr'><strong>ea</strong></span> <span class='ocrx_word' id='word_1_93' title='bbox 3049 1719 3199 1799; x_wconf 86' lang='lat' dir='ltr'><strong>in-</strong></span> 
     </span>
    </p>
   </div>
   <div class='ocr_carea' id='block_1_3' title="bbox 809 1959 2854 3257">
    <p class='ocr_par' dir='ltr' id='par_1_4' title="bbox 809 1959 2854 3257">
     <span class='ocr_line' id='line_1_11' title="bbox 809 1959 2854 3257; baseline 0 0"><span class='ocrx_word' id='word_1_94' title='bbox 809 1959 2854 3257; x_wconf 95' lang='lat' dir='ltr'><strong> </strong></span> 
     </span>
    </p>
   </div>
   <div class='ocr_carea' id='block_1_4' title="bbox 418 3385 3498 4331">
    <p class='ocr_par' dir='ltr' id='par_1_5' title="bbox 418 3385 3498 4331">
     <span class='ocr_line' id='line_1_12' title="bbox 418 3385 3178 3503; baseline -0.002 -18"><span class='ocrx_word' id='word_1_95' title='bbox 418 3426 792 3500; x_wconf 78' lang='lat' dir='ltr'><strong>ventum,</strong></span> <span class='ocrx_word' id='word_1_96' title='bbox 830 3390 1139 3503; x_wconf 88' lang='lat' dir='ltr'><strong>ipfique</strong></span> <span class='ocrx_word' id='word_1_97' title='bbox 1162 3389 1309 3469; x_wconf 87' lang='lat' dir='ltr'><strong>KL</strong></span> <span class='ocrx_word' id='word_1_98' title='bbox 1336 3406 1707 3469; x_wconf 85' lang='lat' dir='ltr'><strong>occurrat</strong></span> <span class='ocrx_word' id='word_1_99' title='bbox 1740 3386 1879 3467; x_wconf 89' lang='lat' dir='ltr'><strong>BE</strong></span> <span class='ocrx_word' id='word_1_100' title='bbox 1912 3385 2003 3465; x_wconf 90' lang='lat' dir='ltr'><strong>in</strong></span> <span class='ocrx_word' id='word_1_101' title='bbox 2034 3387 2142 3469; x_wconf 92' lang='lat' dir='ltr'><strong>N.</strong></span> <span class='ocrx_word' id='word_1_102' title='bbox 2193 3388 2330 3467; x_wconf 88' lang='lat' dir='ltr'><strong>Est</strong></span> <span class='ocrx_word' id='word_1_103' title='bbox 2361 3388 2620 3497; x_wconf 87' lang='lat' dir='ltr'><strong>igitur</strong></span> <span class='ocrx_word' id='word_1_104' title='bbox 2641 3392 2818 3475; x_wconf 89' lang='lat' dir='ltr'><strong>GH</strong></span> <span class='ocrx_word' id='word_1_105' title='bbox 2837 3394 2948 3477; x_wconf 87' lang='lat' dir='ltr'><strong>ad</strong></span> <span class='ocrx_word' id='word_1_106' title='bbox 2969 3400 3178 3503; x_wconf 91' lang='lat' dir='ltr'><strong>NM,</strong></span> 
     </span>
     <span class='ocr_line' id='line_1_13' title="bbox 424 3522 3180 3634; baseline -0.003 -9"><span class='ocrx_word' id='word_1_107' title='bbox 424 3566 519 3625; x_wconf 90' lang='lat' dir='ltr'><strong>ut</strong></span> <span class='ocrx_word' id='word_1_108' title='bbox 549 3568 603 3619; x_wconf 84' lang='grc' dir='ltr'><em>α</em></span> <span class='ocrx_word' id='word_1_109' title='bbox 640 3538 745 3619; x_wconf 84' lang='lat' dir='ltr'><strong>ad</strong></span> <span class='ocrx_word' id='word_1_110' title='bbox 774 3530 869 3633; x_wconf 80' lang='grc' dir='ltr'><strong>β;</strong></span> <span class='ocrx_word' id='word_1_111' title='bbox 922 3530 1205 3612; x_wconf 88' lang='lat' dir='ltr'><strong>eadem</strong></span> <span class='ocrx_word' id='word_1_112' title='bbox 1236 3554 1427 3609; x_wconf 81' lang='lat' dir='ltr'><strong>vero</strong></span> <span class='ocrx_word' id='word_1_113' title='bbox 1458 3524 1667 3625; x_wconf 85' lang='lat' dir='ltr'><strong>GH,</strong></span> <span class='ocrx_word' id='word_1_114' title='bbox 1696 3550 1791 3605; x_wconf 84' lang='lat' dir='ltr'><strong>ex</strong></span> <span class='ocrx_word' id='word_1_115' title='bbox 1814 3522 2268 3631; x_wconf 77' lang='lat' dir='ltr'><strong>hypothesi,</strong></span> <span class='ocrx_word' id='word_1_116' title='bbox 2295 3526 2406 3606; x_wconf 88' lang='lat' dir='ltr'><strong>est</strong></span> <span class='ocrx_word' id='word_1_117' title='bbox 2431 3529 2534 3607; x_wconf 86' lang='lat' dir='ltr'><strong>ad</strong></span> <span class='ocrx_word' id='word_1_118' title='bbox 2560 3530 2732 3634; x_wconf 86' lang='lat' dir='ltr'><strong>ZY,</strong></span> <span class='ocrx_word' id='word_1_119' title='bbox 2761 3554 2860 3613; x_wconf 91' lang='lat' dir='ltr'><strong>ut</strong></span> <span class='ocrx_word' id='word_1_120' title='bbox 2879 3560 2936 3612; x_wconf 77' lang='grc' dir='ltr'><strong>α.</strong></span> <span class='ocrx_word' id='word_1_121' title='bbox 2959 3537 3064 3617; x_wconf 87' lang='lat' dir='ltr'><strong>ad</strong></span> <span class='ocrx_word' id='word_1_122' title='bbox 3083 3533 3180 3633; x_wconf 76' lang='grc' dir='ltr'><strong>β;</strong></span> 
     </span>
     <span class='ocr_line' id='line_1_14' title="bbox 425 3660 3183 3787; baseline -0.001 -28"><span class='ocrx_word' id='word_1_123' title='bbox 425 3676 783 3787; x_wconf 86' lang='lat' dir='ltr'><strong>aequalis</strong></span> <span class='ocrx_word' id='word_1_124' title='bbox 818 3671 1073 3780; x_wconf 83' lang='lat' dir='ltr'><strong>igitur</strong></span> <span class='ocrx_word' id='word_1_125' title='bbox 1106 3666 1217 3746; x_wconf 89' lang='lat' dir='ltr'><strong>est</strong></span> <span class='ocrx_word' id='word_1_126' title='bbox 1248 3668 1429 3747; x_wconf 91' lang='lat' dir='ltr'><strong>NM</strong></span> <span class='ocrx_word' id='word_1_127' title='bbox 1462 3660 1611 3769; x_wconf 92' lang='lat' dir='ltr'><strong>ipfi</strong></span> <span class='ocrx_word' id='word_1_128' title='bbox 1642 3663 1813 3746; x_wconf 90' lang='lat' dir='ltr'><strong>ZY.</strong></span> <span class='ocrx_word' id='word_1_129' title='bbox 1860 3662 2284 3776; x_wconf 83' lang='lat' dir='ltr'><strong>Qoniam</strong></span> <span class='ocrx_word' id='word_1_130' title='bbox 2306 3665 2563 3774; x_wconf 85' lang='lat' dir='ltr'><strong>igitur</strong></span> <span class='ocrx_word' id='word_1_131' title='bbox 2585 3696 2634 3749; x_wconf 88' lang='lat' dir='ltr'><strong>a</strong></span> <span class='ocrx_word' id='word_1_132' title='bbox 2657 3670 2852 3753; x_wconf 81' lang='lat' dir='ltr'><strong>dato</strong></span> <span class='ocrx_word' id='word_1_133' title='bbox 2875 3676 3183 3781; x_wconf 68' lang='lat' dir='ltr'><strong>pundo</strong></span> 
     </span>
     <span class='ocr_line' id='line_1_15' title="bbox 425 3798 3182 3924; baseline -0.003 -24"><span class='ocrx_word' id='word_1_134' title='bbox 425 3820 490 3899; x_wconf 89' lang='lat' dir='ltr'><strong>B</strong></span> <span class='ocrx_word' id='word_1_135' title='bbox 524 3816 773 3899; x_wconf 59' lang='lat' dir='ltr'><strong>dueta</strong></span> <span class='ocrx_word' id='word_1_136' title='bbox 808 3810 919 3891; x_wconf 91' lang='lat' dir='ltr'><strong>est</strong></span> <span class='ocrx_word' id='word_1_137' title='bbox 953 3807 1099 3885; x_wconf 91' lang='lat' dir='ltr'><strong>BN</strong></span> <span class='ocrx_word' id='word_1_138' title='bbox 1136 3832 1345 3911; x_wconf 89' lang='lat' dir='ltr'><strong>quae</strong></span> <span class='ocrx_word' id='word_1_139' title='bbox 1380 3833 1426 3883; x_wconf 94' lang='lat' dir='ltr'><strong>a</strong></span> <span class='ocrx_word' id='word_1_140' title='bbox 1462 3798 1846 3907; x_wconf 86' lang='lat' dir='ltr'><strong>pofitione</strong></span> <span class='ocrx_word' id='word_1_141' title='bbox 1890 3802 2102 3883; x_wconf 84' lang='lat' dir='ltr'><strong>datis</strong></span> <span class='ocrx_word' id='word_1_142' title='bbox 2149 3804 2326 3902; x_wconf 91' lang='lat' dir='ltr'><strong>KL,</strong></span> <span class='ocrx_word' id='word_1_143' title='bbox 2369 3804 2512 3886; x_wconf 89' lang='lat' dir='ltr'><strong>ZY</strong></span> <span class='ocrx_word' id='word_1_144' title='bbox 2559 3804 2958 3892; x_wconf 84' lang='lat' dir='ltr'><strong>abscindit</strong></span> <span class='ocrx_word' id='word_1_145' title='bbox 3003 3814 3182 3924; x_wconf 88' lang='lat' dir='ltr'><strong>seg-</strong></span> 
     </span>
     <span class='ocr_line' id='line_1_16' title="bbox 422 3939 3184 4053; baseline -0.001 -16"><span class='ocrx_word' id='word_1_146' title='bbox 422 3976 701 4037; x_wconf 88' lang='lat' dir='ltr'><strong>menta</strong></span> <span class='ocrx_word' id='word_1_147' title='bbox 732 3948 943 4046; x_wconf 84' lang='grc' dir='ltr'><strong>ΝΜ,</strong></span> <span class='ocrx_word' id='word_1_148' title='bbox 983 3944 1123 4027; x_wconf 85' lang='grc' dir='ltr'><strong>ΖΥ</strong></span> <span class='ocrx_word' id='word_1_149' title='bbox 1169 3942 1381 4021; x_wconf 87' lang='lat' dir='ltr'><strong>datis</strong></span> <span class='ocrx_word' id='word_1_150' title='bbox 1429 3939 1755 4046; x_wconf 64' lang='lat' dir='ltr'><strong>pund&#39;tis</strong></span> <span class='ocrx_word' id='word_1_151' title='bbox 1790 3940 1919 4040; x_wconf 89' lang='lat' dir='ltr'><strong>M,</strong></span> <span class='ocrx_word' id='word_1_152' title='bbox 1956 3940 2029 4017; x_wconf 96' lang='lat' dir='ltr'>Y</span> <span class='ocrx_word' id='word_1_153' title='bbox 2080 3940 2557 4045; x_wconf 88' lang='lat' dir='ltr'><strong>adjacentia,</strong></span> <span class='ocrx_word' id='word_1_154' title='bbox 2607 3975 2816 4053; x_wconf 86' lang='lat' dir='ltr'><strong>quae</strong></span> <span class='ocrx_word' id='word_1_155' title='bbox 2859 3950 3073 4031; x_wconf 89' lang='lat' dir='ltr'><strong>inter</strong></span> <span class='ocrx_word' id='word_1_156' title='bbox 3105 3955 3184 4033; x_wconf 89' lang='lat' dir='ltr'><strong>se</strong></span> 
     </span>
     <span class='ocr_line' id='line_1_17' title="bbox 424 4074 3498 4195; baseline -0.002 -20"><span class='ocrx_word' id='word_1_157' title='bbox 424 4095 613 4175; x_wconf 83' lang='lat' dir='ltr'><strong>sunt</strong></span> <span class='ocrx_word' id='word_1_158' title='bbox 634 4074 1031 4195; x_wconf 66' lang='lat' dir='ltr'><strong>aequalia,</strong></span> <span class='ocrx_word' id='word_1_159' title='bbox 1058 4077 1445 4187; x_wconf 86' lang='lat' dir='ltr'><strong>pofitione</strong></span> <span class='ocrx_word' id='word_1_160' title='bbox 1478 4076 1669 4157; x_wconf 87' lang='lat' dir='ltr'><strong>data</strong></span> <span class='ocrx_word' id='word_1_161' title='bbox 1702 4076 1855 4155; x_wconf 89' lang='lat' dir='ltr'><strong>erit</strong></span> <span class='ocrx_word' id='word_1_162' title='bbox 1884 4088 1909 4123; x_wconf 68' lang='lat'><strong>”¹</strong></span> <span class='ocrx_word' id='word_1_163' title='bbox 1934 4078 2123 4176; x_wconf 88' lang='lat' dir='ltr'><strong>BN;</strong></span> <span class='ocrx_word' id='word_1_164' title='bbox 2175 4079 2466 4158; x_wconf 89' lang='lat' dir='ltr'><strong>datum</strong></span> <span class='ocrx_word' id='word_1_165' title='bbox 2499 4080 2757 4190; x_wconf 86' lang='lat' dir='ltr'><strong>igitur</strong></span> <span class='ocrx_word' id='word_1_166' title='bbox 2788 4088 2900 4166; x_wconf 87' lang='lat' dir='ltr'><strong>est</strong></span> <span class='ocrx_word' id='word_1_167' title='bbox 2923 4115 3180 4194; x_wconf 89' lang='lat' dir='ltr'><strong>punc·</strong></span> <span class='ocrx_word' id='word_1_168' title='bbox 3221 4106 3245 4139; x_wconf 81' lang='lat'>⁸</span> <span class='ocrx_word' id='word_1_169' title='bbox 3269 4108 3360 4165; x_wconf 73' lang='lat' dir='ltr'><strong>Pr.</strong></span> <span class='ocrx_word' id='word_1_170' title='bbox 3397 4090 3498 4183; x_wconf 61' lang='lat'><strong>24:</strong></span> 
     </span>
     <span class='ocr_line' id='line_1_18' title="bbox 426 4213 3180 4331; baseline -0.001 -22"><span class='ocrx_word' id='word_1_171' title='bbox 426 4254 607 4314; x_wconf 88' lang='lat' dir='ltr'><strong>tum</strong></span> <span class='ocrx_word' id='word_1_172' title='bbox 644 4229 713 4307; x_wconf 90' lang='lat' dir='ltr'>E</span> <span class='ocrx_word' id='word_1_173' title='bbox 745 4225 837 4304; x_wconf 90' lang='lat' dir='ltr'><strong>in</strong></span> <span class='ocrx_word' id='word_1_174' title='bbox 872 4246 1041 4329; x_wconf 86' lang='lat' dir='ltr'><strong>quo</strong></span> <span class='ocrx_word' id='word_1_175' title='bbox 1078 4220 1222 4297; x_wconf 90' lang='lat' dir='ltr'><strong>BN</strong></span> <span class='ocrx_word' id='word_1_176' title='bbox 1256 4218 1517 4297; x_wconf 66' lang='lat' dir='ltr'><strong>restae</strong></span> <span class='ocrx_word' id='word_1_177' title='bbox 1558 4214 1705 4295; x_wconf 90' lang='lat' dir='ltr'><strong>CD</strong></span> <span class='ocrx_word' id='word_1_178' title='bbox 1750 4213 2140 4321; x_wconf 50' lang='lat' dir='ltr'><strong>positione</strong></span> <span class='ocrx_word' id='word_1_179' title='bbox 2183 4216 2420 4297; x_wconf 85' lang='lat' dir='ltr'><strong>datae</strong></span> <span class='ocrx_word' id='word_1_180' title='bbox 2463 4223 2853 4324; x_wconf 83' lang='lat' dir='ltr'><strong>occurrit;</strong></span> <span class='ocrx_word' id='word_1_181' title='bbox 2931 4252 3180 4331; x_wconf 83' lang='lat' dir='ltr'><strong>quare</strong></span> 
     </span>
    </p>
   </div>
   <div class='ocr_carea' id='block_1_5' title="bbox 430 4354 3178 4613">
    <p class='ocr_par' dir='ltr' id='par_1_6' title="bbox 430 4354 3178 4613">
     <span class='ocr_line' id='line_1_19' title="bbox 430 4354 1825 4467; baseline -0.011 -16"><span class='ocrx_word' id='word_1_182' title='bbox 430 4390 507 4451; x_wconf 83' lang='lat' dir='ltr'><strong>et</strong></span> <span class='ocrx_word' id='word_1_183' title='bbox 539 4364 713 4467; x_wconf 79' lang='grc' dir='ltr'><strong>ΑΕ,</strong></span> <span class='ocrx_word' id='word_1_184' title='bbox 752 4362 889 4443; x_wconf 91' lang='grc' dir='ltr'><strong>ΒΕ</strong></span> <span class='ocrx_word' id='word_1_185' title='bbox 922 4354 1311 4465; x_wconf 86' lang='lat' dir='ltr'><strong>pofitione</strong></span> <span class='ocrx_word' id='word_1_186' title='bbox 1342 4354 1576 4433; x_wconf 84' lang='lat' dir='ltr'><strong>datae</strong></span> <span class='ocrx_word' id='word_1_187' title='bbox 1610 4354 1825 4437; x_wconf 86' lang='lat' dir='ltr'><strong>sunt.</strong></span> 
     </span>
     <span class='ocr_line' id='line_1_20' title="bbox 562 4488 3178 4613; baseline -0.003 -27"><span class='ocrx_word' id='word_1_188' title='bbox 562 4496 1055 4613; x_wconf 84' lang='lat' dir='ltr'><strong>Compofitio</strong></span> <span class='ocrx_word' id='word_1_189' title='bbox 1096 4514 1345 4604; x_wconf 86' lang='lat' dir='ltr'><strong>patet,</strong></span> <span class='ocrx_word' id='word_1_190' title='bbox 1408 4490 1761 4575; x_wconf 81' lang='lat' dir='ltr'><strong>inventis</strong></span> <span class='ocrx_word' id='word_1_191' title='bbox 1804 4490 2106 4575; x_wconf 85' lang='lat' dir='ltr'><strong>scilicet</strong></span> <span class='ocrx_word' id='word_1_192' title='bbox 2147 4488 2366 4584; x_wconf 62' lang='lat' dir='ltr'><strong>reeca</strong></span> <span class='ocrx_word' id='word_1_193' title='bbox 2409 4492 2558 4577; x_wconf 88' lang='lat' dir='ltr'><strong>KL</strong></span> <span class='ocrx_word' id='word_1_194' title='bbox 2605 4518 2684 4578; x_wconf 88' lang='lat' dir='ltr'><strong>et</strong></span> <span class='ocrx_word' id='word_1_195' title='bbox 2731 4500 3034 4605; x_wconf 65' lang='lat' dir='ltr'><strong>punGto</strong></span> <span class='ocrx_word' id='word_1_196' title='bbox 3079 4498 3178 4577; x_wconf 89' lang='lat' dir='ltr'><strong>M</strong></span> 
     </span>
    </p>
   </div>
  </div>
 </body>
</html>
