4109 5609
1012 378 1019 388 ὅ
1106 408 1292 488 DE
1394 397 2601 490 PORISMATIDUR.
3067 411 3316 512 393'

468 627 795 709 tionum
828 626 918 706 in
954 627 1217 708 tribus
1252 625 1489 706 reais
1526 619 1638 706 est
1670 623 1943 705 unitas
1988 622 2314 704 binario
2361 623 2624 720 aucta,
2675 621 2732 703 i.
2769 648 2836 702 e.
2885 617 3234 700 ternari—

468 795 609 865 us;
672 793 1063 846 numerus
1100 763 1543 844 earundem
1578 763 1671 844 in
1705 782 2058 870 quatuor
2091 761 2326 841 restis
2365 761 2483 839 est.
2509 760 2908 838 ternarius
2959 779 3230 838 terna-

467 903 589 982 rio
614 905 955 1002 audium
1026 902 1117 984 in
1152 901 1523 1009 quinque
1556 928 1745 981 vero
1778 899 2013 980 reffls
2052 899 2164 978 est
2196 898 2540 977 ultimus
2578 896 3056 1003 praecedens
3093 897 3232 976 seu

470 1039 823 1120 senarius
859 1038 1374 1146 quaternario
1412 1040 1725 1136 anans,
1768 1035 1927 1119 &a
1979 1035 2124 1142 qui
2161 1036 2512 1134 numeri,
2561 1055 2656 1112 ut
2704 1029 3230 1113 manifestum

459 1177 601 1277 est,
630 1177 1161 1286 triangulares
1198 1177 1414 1276 sunt,
1454 1201 1811 1281 quorum
1844 1173 2240 1280 cujusque
2276 1173 2486 1251 latus
2525 1171 2634 1250 est
2669 1197 3060 1250 nume-rus
3087 1169 3224 1250 in·-

462 1314 1033 1430 terseffionum
1070 1341 1279 1420 quae
1311 1312 1849 1392 inveniuntur
1871 1311 1963 1388 in
1999 1337 2168 1390 una
2203 1308 2568 1416 qualibet
2601 1310 2847 1407 reeta,
2878 1307 2930 1390 i.
2961 1335 3028 1389 e.
3057 1333 3224 1387 nu-

464 1479 737 1532 merus
763 1451 913 1559 qui
942 1452 1257 1532 unitate
1291 1450 1564 1530 minor
1598 1450 1710 1530 est
1744 1475 2088 1528 numero
2125 1447 2503 1528 omnium
2537 1447 2968 1527 reetarum.
3053 1445 3226 1554 Igi—

460 1605 597 1670 tur
628 1587 691 1667 fi
724 1617 817 1670 ex
852 1589 1007 1668 hoc
1046 1615 1388 1686 numero
1422 1586 2080 1668 interfectionum
2115 1586 2491 1665 dematur
2525 1611 2916 1663 numerus
2943 1583 3223 1663 omni·-

462 1753 613 1808 um
654 1727 1153 1834 punROrum
1188 1725 1571 1804 datorum
1614 1723 1763 1830 qui
1808 1723 2030 1802 idem
2075 1723 2188 1802 est
2233 1749 2426 1801 cum
2461 1748 2804 1802 numero
2841 1719 3222 1803 intersec-

464 1864 791 1944 tionum
826 1863 913 1943 'm
947 1891 1118 1943 una
1154 1861 1441 1969 quavis
1474 1864 1733 1960 resta3
1782 1860 2144 1968 reliquus
2172 1860 2321 1938 erit
2359 1859 2624 1940 adhuc
2661 1857 3215 1967 triangulariS,

458 2003 693 2108 cujus
728 1997 937 2081 latus
963 2000 1276 2080 unitate
1306 1997 1584 2079 deficit
1620 2027 1667 2079 a
1696 1997 1941 2078 latere
1977 1995 2266 2104 prioris
2303 1995 2627 2076 numeri
2664 1995 3216 2108 triangulariS,

454 2161 541 2220 et
575 2139 915 2247 proinde
946 2137 1269 2218 binario
1303 2129 1581 2216 minus
1610 2137 1727 2216 est
1760 2161 2104 2216 numero
2149 2137 2554 2216 metarum
2601 2132 3216 2240 propofitarum.

464 2277 566 2356 Et
600 2275 735 2356 hic
774 2277 885 2356 est
927 2303 1319 2355 numerus
1364 2275 2025 2354 interseffionum
2063 2301 2264 2378 quas
2301 2292 2630 2380 tangere
2663 2273 2967 2352 restam
3005 2251 3220 2377 posi-⁶
3266 2263 3275 2270 ’

466 2414 685 2494 tione
717 2414 1001 2494 datam
1034 2417 1349 2519 Pappus
1386 2410 1479 2490 in
1512 2411 1664 2491 hac
1701 2409 2242 2516 Propofitione
2275 2409 2646 2515 requirit,
2699 2393 3219 2518 quarumque

460 2549 523 2630 fi
554 2551 839 2654 nullae
862 2570 1021 2630 tres
1052 2549 1209 2630 fint
1246 2549 1350 2628 ad
1386 2549 1728 2658 angulos
1766 2546 2186 2655 trianguli,
2236 2549 2506 2626 nullae
2541 2568 2894 2652 quatuor
2929 2546 3034 2626 ad
3070 2577 3224 2627 an·-

469 2690 701 2798 gulos
739 2687 1265 2795 quadrilateri
1298 2707 1377 2767 et
1410 2686 1527 2765 ita
1559 2686 1979 2791 deinceps3
2054 2710 2730 2790 unamquamque
2775 2684 3222 2768 interseffi-

466 2853 726 2905 onum
764 2825 1265 2933 reliquarum
1298 2843 1629 2931 tangere
1660 2804 1967 2903 restam
2002 2819 2388 2927 pofitione
2424 2820 2704 2900 datam
2741 2819 3118 2904 affirmat.

604 2955 1054 3042 Commode
1088 2989 1277 3080 vero
1311 2961 1403 3040 in
1437 2960 1641 3042 duos
1680 2959 1903 3041 casus
1940 2957 2340 3038 dividitur
2373 2956 2836 3064 Propofitio,
2891 2985 3098 3064 quos
3134 2985 3224 3038 e-

471 3098 673 3178 tiam
707 3121 977 3206 aperte
1008 3099 1195 3178 satis
1231 3098 1540 3188 indicat
1574 3102 1919 3203 PappuS,
1961 3089 2111 3202 qui
2147 3093 2658 3202 hypothefim
2694 3095 2920 3176 casus
2953 3093 3224 3175 facili-

466 3236 629 3317 oris
676 3235 1125 3342 praemittit
1169 3233 1692 3344 Propofitioni
1730 3233 2114 3342 eleganti,
2179 3255 2260 3312 et
2305 3232 2444 3338 huj
2456 3261 2550 3312 us
2597 3233 2912 3340 generis
2957 3232 3224 3312 maxi·-

470 3399 607 3452 me
636 3374 1017 3483 generali.
1351 3452 1406 3504 ·

1438 3643 2049 3725 CASUS
2185 3645 2248 3727 Ι.

605 3922 787 4004 Sint
822 3943 1349 4029 quotcunque
1382 3921 1671 4020 redtae,
1700 3945 1820 4002 ex.
1844 3945 1967 4028 gr.
2005 3914 2163 4016 sex,
2201 3918 2364 4018 AF,
2404 3916 2588 4018 BG,
2619 3912 2806 4019 CH,
2831 3917 3020 4019 DK,
3050 3917 3217 4020 EL,

474 4061 655 4158 EA3
721 4081 800 4140 et
834 4059 1023 4138 data
1056 4053 1211 4137 fint
1247 4058 1527 4137 omnia
1562 4057 1865 4162 punsta
1898 4055 1989 4134 in
2023 4079 2306 4134 earum
2337 4081 2534 4154 una,
2586 4057 2890 4162 punita
2923 4055 3224 4140 scilicet

474 4201 575 4298 A,
616 4199 710 4297 B,
750 4199 843 4297 C,
882 4197 990 4295 D,
1041 4197 1161 4287 E;
1230 4195 1515 4275 omnia
1556 4220 1745 4275 vero
1790 4193 2096 4301 punaa
2141 4192 2232 4269 in
2279 4192 2436 4271 alia
2482 4196 2568 4294 F,
2607 4195 2734 4293 M,
2772 4195 2879 4293 N,
2917 4193 2994 4272 O
3032 4209 3222 4274 tan-

473 4356 671 4443 gant
702 4337 1009 4414 retstam
1042 4329 1429 4440 pofitione
1462 4329 1777 4412 datam:
1836 4355 2378 4437 unaquaeque
2413 4331 2726 4439 reliqua
2769 4327 3218 4412 interfectio

477 4493 753 4582 tanget
782 4473 1091 4554 rectam
1124 4467 1509 4594 positione
1542 4469 1847 4566 datam.

1720 4607 1800 4685 D
1835 4603 1894 4684 d
1928 4603 1985 4682 d
