4109 5609
1082 421 1270 502 DE
1369 413 2573 500 PORISMATIBUS.
3034 431 3189 510 501

449 671 596 750 per
653 643 1056 748 punctum
1113 641 1240 738 A3
1315 639 1530 718 recia
1575 656 1850 716 autem
1895 635 2030 716 FA
2074 628 2353 712 tranfit
2399 657 2543 737 per
2585 629 2989 737 punc’tum
3034 622 3195 703 cir-

449 779 1028 861 cumferentiae
1062 777 1188 872 G;
1262 777 1664 881 punctum
1709 773 1963 882 igitur
2006 771 2089 850 G
2128 769 2239 849 est
2282 767 2732 850 interfectio
2769 762 3017 872 ipfius
3048 760 3196 844 ΕΚ

449 937 530 995 et
625 914 1348 1010 circumferentiae,
2734 889 2739 896 ’
2983 880 2989 889 ’
3154 913 3159 920 ’

437 1053 606 1133 hoc
645 1053 756 1131 est
790 1051 1092 1157 punc&
1129 1051 1222 1148 E,
1246 1053 1348 1147 K,

443 1189 532 1268 G
579 1190 771 1268 sunt
827 1188 915 1266 in
971 1188 1192 1266 recia
1249 1186 1352 1262 li-

445 1355 625 1408 nea.
721 1324 1140 1437 Qoniam
1189 1323 1350 1428 igi-

443 1484 586 1542 tur
661 1463 1080 1566 parallelae
1167 1460 1355 1540 sunt

441 1602 652 1698 HG,
691 1601 856 1697 FK,
922 1599 1133 1676 rec‘ta
1179 1599 1348 1696 EA,

444 1765 590 1843 per
648 1758 740 1813 ea
787 1762 994 1839 quae
1051 1733 1352 1812 ostensa

439 1874 629 1952 sunt
663 1871 754 1951 in
791 1875 1019 1975 Prop.
1049 1873 1182 1974 58.
1211 1869 1345 1948 bi-

438 2011 736 2126 fariam
795 2029 873 2087 et
933 2009 1036 2086 ad
1087 2007 1341 2110 rectos

439 2146 782 2256 angulos
819 2144 1113 2224 secabit
1157 2143 1363 2247 ipsas
1399 2143 1603 2243 HG,
1643 2147 1807 2244 FK,
1871 2165 1950 2224 et
1983 2172 2127 2250 per
2160 2164 2533 2226 centrum
2570 2143 2854 2225 circuli
2898 2140 3184 2222 tranfi-

436 2282 590 2365 bit.
709 2283 1104 2361 Occurrat
1139 2282 1283 2358 EA
1317 2279 2011 2361 circumferentiae
2045 2282 2136 2360 in
2170 2283 2497 2388 punc'tis
2544 2282 2637 2379 B,
2678 2284 2785 2379 D,
2852 2299 2929 2359 et
2974 2308 3187 2387 quo·-

437 2420 668 2498 niam
703 2419 947 2499 ducta
983 2418 1092 2497 est
1127 2418 1342 2496 EFH
1378 2415 1483 2495 ad
1519 2417 1922 2498 circulum
1959 2447 2006 2498 a
2041 2419 2347 2524 puncto
2386 2421 2479 2516 E,
2536 2438 2617 2497 et
2650 2418 2761 2498 est
2794 2417 2967 2497 HG
3000 2443 3187 2524 per-

439 2554 980 2663 pendicularis
1019 2555 1122 2634 ad
1159 2553 1682 2654 diametrum,
1732 2576 1812 2635 et
1843 2554 2134 2660 juncia
2180 2554 2324 2634 GF
2356 2555 2753 2635 diametro
2798 2553 2889 2634 in
2930 2557 3010 2634 A
3045 2583 3188 2636 oc·

440 2691 724 2791 currit,
762 2693 914 2772 erit
939 2701 968 2738 ³
993 2710 1091 2771 ut
1125 2691 1259 2769 BE
1295 2689 1399 2769 ad
1435 2691 1608 2790 ED,
1650 2690 1762 2770 ita
1801 2693 1943 2770 BA
1979 2692 2082 2771 ad
2116 2693 2297 2773 AD.
2402 2693 2659 2771 Datae
2694 2713 2968 2772 autem
3002 2692 3191 2772 sunt
3227 2725 3254 2758 ι
3276 2727 3367 2788 Pr.
3393 2743 3495 2802 5¹·

439 2831 604 2928 BE,
624 2831 798 2927 ΕΙ),
839 2854 1088 2934 quare
1121 2827 1326 2908 ratio
1361 2827 1506 2904 BA
1538 2827 1643 2906 ad
1674 2829 1831 2906 AD
1855 2827 2045 2906 data
2071 2827 2181 2907 est
2196 2861 2220 2926 3
2272 2849 2352 2907 et
2375 2828 2566 2907 data
2590 2829 2700 2907 est
2724 2829 2898 2928 BD,
2925 2857 3190 2934 punc·

440 2989 626 3045 tum
660 2965 917 3072 igitur
946 2967 1023 3044 A
1059 2964 1348 3043 datum
1381 2964 1518 3045 est.
1587 2966 1810 3044 Patet
1846 2985 2121 3044 autem
2153 2965 2455 3047 reetam
2492 2961 2877 3068 pofitione
2909 2965 3191 3046 datam

441 3102 576 3182 cui
609 3101 784 3179 HG
820 3101 1196 3206 parallela
1230 3100 1340 3180 est
1375 3098 1479 3178 ad
1523 3099 1782 3182 restos
1819 3100 2159 3208 angulos
2195 3098 2343 3182 effe
2378 3101 2775 3181 diametro
2808 3094 3017 3209 quae
3048 3129 3189 3208 per

441 3241 509 3318 E
543 3234 849 3320 tranfit.
1753 3243 1756 3246 ⁴
3161 3269 3169 3274 ·

1443 3375 1996 3480 Componctur
2029 3374 2171 3458 ita.

575 3514 948 3592 Ducatur
979 3537 1120 3616 per
1155 3531 1528 3590 centrum
1565 3538 1613 3588 a
1647 3512 1954 3616 puncto
1989 3515 2057 3590 E
2092 3511 2308 3592 recia
2342 3513 2582 3612 EDB,
2632 3534 2711 3593 et
2744 3510 2889 3593 fiat
2920 3535 3016 3596 ut
3051 3515 3187 3594 BE

443 3649 551 3728 ad
584 3650 757 3748 ΕΙ),
808 3647 922 3727 ita
957 3650 1098 3726 BA
1134 3647 1241 3728 ad
1271 3651 1426 3728 AD
1445 3681 1469 3746 3
1519 3646 1672 3728 erit
1704 3651 1781 3727 A
1817 3649 2220 3754 punctum
2254 3646 2865 3733 inveniendum.
2978 3651 3064 3731 Si
3100 3679 3186 3732 e-

439 3784 622 3866 nim
656 3814 704 3864 a
739 3785 1044 3890 puncto
1079 3788 1146 3863 E
1177 3783 1526 3867 ducatur
1557 3806 1978 3889 utcunque
2011 3785 2228 3862 EFH
2264 3784 2369 3863 ad
2418 3785 2845 3886 circulum,
2895 3807 2975 3868 et
3008 3789 3187 3870 HG

440 3921 1120 4030 perpendicularis
1181 3920 1286 4000 ad
1341 3921 1834 4001 diametrum
1875 3923 2053 4019 BD,
2113 3919 2403 4024 juneta
2446 3920 2589 4002 GF
2632 3921 3025 4006 tranfibit‘
3045 3953 3188 4032 per

438 4059 845 4168 punctum
875 4059 981 4157 A,
1032 4083 1172 4163 per
1204 4059 1436 4163 Prop.
1475 4083 1524 4161 5
1544 4083 1612 4138 1.
1821 4147 1828 4153 ‚

511 4177 526 4185 ’
576 4197 810 4274 PARS
855 4219 930 4276 2.
999 4192 1357 4289 Quando
1392 4193 1608 4274 reeta
1625 4193 1980 4302 jungens
2017 4191 2611 4278 interfectiones
2644 4179 3079 4276 ductarum
3102 4215 3184 4276 et

439 4329 1132 4414 circumferentiae
1166 4329 1455 4409 datum
1481 4329 1848 4414 'continet
1882 4332 2282 4444 angulum
2328 4357 2521 4413 cum
2564 4332 2779 4415 resta
2823 4359 3031 4440 quae
3076 4331 3179 4410 ad

436 4469 840 4576 punstum
871 4467 1160 4550 datum
1195 4467 1480 4576 vergit.
