4109 5609
909 443 1025 528 η,
1428 510 1443 531 ⁸
1558 414 1758 497 DE
1856 410 3016 503 LOGARITHMIS.

910 640 1071 719 bus
1104 637 1247 717 FG
1286 634 1389 715 ad
1426 635 1618 734 GK,
1668 656 1747 714 et
1782 635 1945 715 KG
1982 635 2090 713 ad
2123 635 2328 732 GH,
2381 662 2734 739 quarum
2769 658 3120 743 utraque
3165 632 3290 716 vel
3338 632 3454 716 est
3503 658 3688 715 ma-

900 775 1105 883 joris
1144 774 1249 853 ad
1284 772 1718 871 minorem,
1768 772 1895 850 vel
1931 770 2275 852 minoris
2313 772 2418 850 ad
2451 771 2885 875 majorem3
2949 773 3102 853 erit
3135 773 3690 883 logarithmus

914 912 1257 994 rationis
1294 909 1435 988 FG
1474 908 1578 987 ad
1604 908 1780 987 GH
1806 907 2164 1014 aequalis
2193 907 2558 987 summae

917 1044 2043 1159 logarithmorumrationum
2069 1044 2210 1124 FG
2237 1044 2342 1123 ad
2369 1046 2558 1140 GK,
2695 1022 2754 1099 F
2915 1025 2994 1103 K
3279 1026 3374 1101 H
3607 1020 3692 1099 G

918 1209 999 1269 et
1034 1185 1195 1267 KG
1234 1184 1339 1263 ad
1366 1182 1579 1280 GH,
1617 1208 1762 1288 per
1792 1181 2003 1261 hanc
2040 1182 2338 1261 scilicet
2363 1184 2558 1261 Pro—
2686 1160 3694 1197 “-““’“““““““-”““““““““““

922 1322 1425 1432 politionem.
1490 1318 1755 1425 Igitur
1786 1316 2130 1398 excess'us
2168 1318 2558 1425 logatith-
2697 1292 2788 1369 Η
2903 1294 2983 1371 K
3329 1296 3388 1371 F
3605 1295 3688 1373 G

918 1460 1044 1541 mi
1096 1456 1433 1538 rationis
1480 1456 1623 1533 FG
1671 1454 1775 1533 ad
1823 1455 1998 1534 GH
2044 1455 2282 1560 supra
2329 1454 2558 1562 loga-

923 1596 1332 1677 rithmum
1367 1589 1705 1671 rationis
1743 1591 1904 1670 KG
1942 1591 2047 1669 ad
2083 1591 2286 1689 GH,
2337 1592 2485 1697 qui
2531 1592 2753 1670 idem
2801 1592 2908 1669 est
2945 1620 3146 1671 cum
3193 1592 3692 1700 legarithmo

922 1730 1263 1812 rationis
1298 1729 1473 1807 HG
1510 1728 1617 1807 ad
1648 1726 1817 1807 GK
1861 1723 2088 1836 [Des.
2129 1724 2244 1834 2.]
2285 1728 2643 1834 aequalis
2681 1728 2790 1806 est
2823 1727 3316 1836 logarithmo
3353 1731 3690 1812 rationis

926 1870 1067 1952 FG
1106 1868 1213 1948 ad
1246 1867 1437 1947 GK.

1067 2009 1273 2087 CAs.
1318 2030 1393 2086 2.
1466 2000 1823 2115 Qando
1856 1999 2066 2080 ratio
2101 2002 2240 2081 FG
2277 2000 2381 2080 ad
2414 2002 2582 2081 GK
2613 1998 3052 2107 oempofita
3097 2003 3206 2081 est
3253 2009 3346 2081 e'x
3382 2004 3696 2087 ratione

926 2146 1068 2225 FG
1106 2143 1209 2222 ad
1236 2142 1449 2238 GH,
1502 2137 1845 2217 minoris
1881 2138 1987 2217 ad
2032 2136 2452 2240 majorem,
2505 2159 2583 2217 et
2631 2164 2725 2217 ex
2771 2138 3082 2217 ratione
3127 2142 3298 2219 HG
3347 2142 3454 2221 ad
3499 2144 3693 2243 GK,

928 2276 1257 2384 majoris
1295 2274 1398 2354 ad
1436 2272 1868 2373 minorem,
1919 2300 2138 2380 quae
2164 2273 2426 2379 major
2459 2275 2570 2353 est
2599 2274 3010 2381 reciproca
3045 2275 3384 2381 primae,
3434 2279 3698 2383 major

926 2416 1035 2497 fc.
1074 2414 1242 2521 ipsa
1276 2414 1449 2491 HG
1486 2412 1593 2489 ad·
1628 2411 1818 2508 GF3
1894 2409 2118 2489 idem
2161 2410 2562 2517 sequetur,

752 2600 759 2609 ·
930 2578 1132 2632 nam
1166 2547 1560 2656 quoniam
1595 2545 1801 2625 ratio
1826 2548 1999 2627 HG
2026 2546 2316 2628 adGK
2339 2573 2568 2626 com·
2708 2526 2798 2603 H
2901 2526 2958 2603 F
3269 2528 3351 2603 K
3617 2531 3698 2609 G

926 2683 1185 2796 posita
1230 2686 1339 2765 est
1385 2711 1483 2763 ex
1516 2683 1835 2763 ratione
1879 2684 2051 2763 HG
2101 2682 2206 2763 ad
2251 2685 2418 2783 GF,
2494 2703 2578 2762 et
2715 2660 3688 2703 .......·--.2......-.

931 2827 1085 2907 FG
1121 2824 1225 2903 ad
1271 2823 1461 2919 GK,
1511 2847 1867 2925 quarum
1910 2840 2256 2925 utraque
2303 2820 2414 2899 est
2457 2818 2786 2926 majoris
2833 2820 2938 2899 ad
2985 2822 3422 2921 minorem,
3471 2825 3702 2932 loga·-

860 3027 866 3033 .
934 2960 1295 3042 rithmus
1330 2955 1668 3037 rationis
1716 2958 1855 3036 FG
1903 2956 2008 3035 ad
2048 2958 2245 3055 GK,
2295 2956 2649 3062 aequalis
2697 2956 2848 3035 erit
2894 2956 3256 3037 summae
3299 2960 3704 3066 logarith-

936 3124 1273 3179 merum
1308 3093 1725 3174 rationum
1758 3093 1931 3171 HG
1968 3092 2070 3171 ad
2108 3094 2276 3191 GF,
2327 3113 2409 3171 et
2443 3094 2584 3172 FG.
2618 3091 2720 3171 ad
2757 3094 2968 3173 GK.-
3045 3094 3310 3201 Igitur
3353 3095 3702 3178 exceffus

936 3231 1416 3342 loga-ithmi
1462 3228 1802 3309 rationis
1858 3230 2001 3308 FG
2059 3230 2165 3309 ad
2224 3230 2388 3309 GK
2445 3229 2684 3334 supra
2728 3228 3314 3335 logatithmum
3361 3234 3704 3315 rationis

942 3372 1121 3454 HG
1152 3370 1256 3449 ad
1291 3371 1459 3467 GF,
1488 3366 1635 3474 qui
1670 3365 1891 3445 idem
1924 3366 2035 3444 est
2072 3392 2264 3446 cum
2299 3365 2792 3473 lugarithmo
2827 3366 3164 3447 rationis
3199 3374 3340 3451 EG
3363 3371 3700 3471 adGH,

938 3506 1303 3614 aequalis
1340 3505 1450 3586 est
1482 3500 1977 3611 logarithmo
2010 3501 2347 3582 rationis
2385 3504 2520 3582 FG
2559 3504 2663 3581 ad
2701 3504 2885 3583 GK.

1084 3644 1309 3725 Caes.
1362 3668 1437 3747 3.
1510 3640 1871 3753 Quando
1912 3638 2134 3719 ratio-
2168 3641 2308 3719 FG
2355 3638 2458 3718 ad
2505 3640 2680 3717 GH
2723 3636 3051 3743 majoris
3081 3642 3230 3727 ,ad
3265 3642 3700 3745 minorem,

942 3778 1223 3859 minor
1257 3778 1369 3856 est
1399 3776 1803 3881 reciproca
1834 3774 2194 3883 reliquae
2225 3774 2562 3855 rationis
2598 3778 2772 3856 HG
2806 3776 2914 3855 ad
2947 3778 3130 3859 GK.
3296 3832 3303 3837 -

1087 3913 1509 4029 Qoniam
1542 3934 1900 4019 utraque
1918 3912 2132 3993 ratio
2173 3914 2344 3992 HG
2391 3912 2498 3991 ad
2532 3914 2701 4013 GF,
2751 3934 2830 3992 et
2865 3914 3008 3993 EG
3039 3913 3146 3991 ad
3177 3916 3342 3994 GK.
3385 3916 3503 3994 est
3539 3916 3704 3995 mis-

950 4050 1177 4133 noris
1240 4050 1345 4130 ad
1400 4046 1821 4154 majorem,
1874 4049 2027 4130 erit
2079 4045 2348 4157 [Pl-op.
2371 4047 2492 4157 5.]
2557 4048 2684 4129 lo·—

950 4187 1415 4299 garithmus
1450 4185 1787 4266 rationis
1826 4186 1998 4266 HG
2032 4186 2138 4265 ad
2175 4189 2336 4267 GK
2378 4214 2677 4293 aequa-
2813 4163 2896 4243 K
3099 4166 3156 4243 F
3385 4170 3477 4246 H
3627 4172 3706 4251 G

958 4326 1059 4407 lis
1116 4327 1478 4405 summae
1538 4321 2220 4431 logarithmorum
2263 4323 2679 4404 rationum
2815 4298 3708 4339 ...-....-·...-.-·........

960 4464 1137 4545 HG
1171 4460 1277 4543 ad
1308 4462 1479 4562 GF,
1530 4480 1610 4541 et
1642 4459 1787 4542 FG
1830 4460 1939 4547 ad
1972 4462 2158 4547 GK.
2263 4459 2527 4570 Igitur
2569 4459 2915 4545 exceffus
2953 4458 3434 4569 legas-immi
3457 4460 3714 4544 tatio-
