4109 5609
850 391 1009 506 34⁶
1472 387 1653 466 DE
1756 381 2976 470 PORISMATIBUS.

1573 655 1727 720 Ex
1808 652 2214 720 LIBRo
2295 619 2890 720 sara-imo

912 821 2332 952 1x-1ATHEMAT1CARUM
2405 866 3566 948 COLLECTIONUM

1408 1092 3050 1194 PAPPIALEXANDRINI

1174 1330 1215 1358 “
1268 1325 1417 1390 DE
1494 1323 2444 1402 PORISMATIUBUS
2515 1323 3118 1390 EUCLIDIS
3180 1325 3304 1389 111.

856 1577 913 1656 P
922 1573 1159 1690 QST
1206 1571 1635 1652 Taciiones
1676 1569 1765 1648 in
1810 1551 2078 1650 tribus
2125 1570 2357 1652 libris
2407 1570 2815 1650 habentur
2859 1569 3298 1650 Porismata
3345 1569 3630 1652 Eucli-

856 1711 1012 1810 dis,
1086 1708 1447 1790 collectio
1496 1706 2128 1788 artificiofiffima
2173 1709 2630 1788 multarum
2675 1735 2951 1788 rerum
2999 1736 3208 1816 quae
3261 1709 3628 1816 speciant

857 1850 963 1938 ad
1013 1845 1374 1956 analyfin
1420 1845 1976 1926 difficiliorum
2024 1867 2103 1926 et
2151 1845 2654 1956 generalium
2700 1847 3336 1952 problematum,
3407 1873 3628 1953 quo-

852 2017 1043 2076 rum
1081 1985 1417 2094 quidem
1452 1986 1873 2092 ingentem
1910 1985 2232 2089 copiam
2269 1984 2596 2090 praebet
2621 2001 2974 2066 natura.'
3009 1985 3242 2064 Nihil
3271 2013 3458 2064 vero
3485 1983 3622 2064 ad·

850 2097 1130 2206 ¹'ditum
1167 2125 1279 2219 est
1323 2124 1422 2202 iis
1472 2152 1681 2232 quae
1730 2121 2103 2202 Euclides
2154 2121 2519 2228 primum
2565 2121 3005 2227 scripserat,
3057 2145 3626 2229 praeterquam

861 2263 1085 2370 quod
1118 2261 1477 2368 imperiti
1514 2260 1858 2367 quidam
1892 2260 2038 2365 qui
2067 2287 2214 2339 nos
2241 2257 2824 2365 praecesserunt
2848 2260 3238 2340 secundas
3265 2259 3624 2364 descrip—

864 2401 1120 2480 tiones
1160 2397 1437 2502 paucis
1484 2395 1847 2503 ipsorum
1896 2394 2049 2504 [se.
2089 2393 2680 2504 Porismatum]
2731 2399 3303 2504 apposuerunt.
3407 2399 3628 2480 Cum

864 2565 1055 2624 vero
1110 2535 1767 2642 unumquodque
1811 2533 2248 2616 definitum
2291 2533 2589 2615 habeat
2632 2533 3418 2616 demonstrationum
3462 2563 3634 2616 nu·-

860 2701 1185 2756 merum
1212 2682 1271 2773 ³,
1306 2693 1402 2752 ut
1440 2673 1933 2753 ostendimus
1960 2663 2023 2773 ¹³,
2065 2671 2450 2776 Euclides,
2475 2699 2734 2752 unam
2769 2701 3110 2781 eamque
3144 2673 3502 2754 maxime
3537 2701 3626 2756 e·-

862 2812 1275 2896 videntem
1310 2810 1400 2890 in
1430 2809 1766 2920 singulis
1804 2809 2096 2916 posuit.
2165 2809 2504 2890 Habent
2539 2831 2814 2890 autem
2847 2810 3233 2892 subtilem
3261 2831 3346 2892 et
3377 2831 3630 2892 natu-

858 2951 1114 3032 talem
1150 2947 1945 3057 contemplationem,
1996 2945 2673 3054 neceffariamque
2707 2967 2788 3028 et
2819 2947 3176 3028 maxime
3209 2948 3634 3030 universa-

864 3085 1056 3185 lem,
1096 3109 1340 3194 atque
1365 3087 1463 3167 iis
1493 3113 1699 3193 quae
1721 3083 2035 3194 fingula
2073 3083 2508 3190 perspicere
2541 3105 2620 3165 et
2653 3085 3132 3194 investigare
3165 3086 3438 3167 valent
3475 3085 3628 3166 ad-

824 3261 831 3268 ·
867 3225 1216 3307 modum
1248 3223 1737 3330 jucundam,
1833 3221 2108 3326 Specie
2145 3243 2418 3302 autem
2453 3221 2648 3302 haec
2683 3223 2965 3304 onmia
2993 3228 3268 3330 ‘neque
3301 3223 3628 3304 theore-

864 3385 1087 3446 mata
1120 3361 1337 3461 sunt,
1378 3389 1641 3467 neque
1676 3360 2207 3465 problemata,
2247 3357 2382 3438 sed
2415 3359 2730 3440 mediae
2765 3360 3378 3466 quodammodo
3412 3361 3632 3442 inter

862 3501 1058 3584 haec
1096 3520 1460 3599 naturae,
1510 3499 1627 3578 ita
1660 3516 1756 3576 ut
1786 3523 2076 3576 eorum
2111 3494 2684 3602 propositiones
2720 3496 3046 3603 pofl'unt
3080 3497 3208 3578 vel
3249 3519 3348 3578 ut
3389 3498 3626 3578 theo-

864 3659 1199 3736 remata,
1240 3637 1365 3716 vel
1400 3656 1497 3716 ut
1534 3633 2035 3742 problemata
2069 3633 2435 3720 formari.
2501 3635 2750 3714 Unde
2783 3635 3099 3717 factum
3135 3635 3247 3715 est
3279 3656 3376 3716 ut
3411 3635 3628 3715 inter

864 3775 1169 3854 multos
1196 3773 1673 3852 Geometras
1702 3771 1839 3850 alii
1876 3771 2070 3851 haec
2107 3797 2396 3879 genere
2432 3771 2930 3853 theoremata
2953 3759 3443 3874 existiment,
3485 3771 3630 3852 alii

867 3939 1057 3990 vero
1102 3911 1634 4018 problemata,
1694 3909 2168 4014 respcientes
2217 3909 2322 3988 ad
2367 3909 2728 3989 formam
2773 3931 3102 3991 tantum
3147 3908 3626 4016 propofitio-

864 4048 1020 4144 nis,
1090 4045 1603 4129 Differentias
1641 4066 1914 4125 autem
1950 4043 2252 4126 horum
2285 4045 2542 4126 trium
2577 4046 2868 4128 melius
2903 4045 3368 4130 intellexisse
3403 4069 3632 4131 vete-

971 4317 997 4348 ·
1022 4308 1259 4377 Forsan
1288 4309 1577 4394 intelligit
1602 4309 2174 4374 demonstrationes
2199 4305 2600 4376 diversorum
2624 4306 2888 4376 casuum
2911 4307 3192 4396 ejusdem
3211 4303 3578 4378 Porismatis
3596 4333 3624 4388 ς

876 4413 975 4476 vel
998 4411 1511 4494 propositionum
1532 4429 1696 4495 quae
1722 4407 1789 4474 su
1798 4427 1867 4472 nt
1890 4411 2025 4492 ejus
2048 4405 2412 4476 conversae.

974 4514 1005 4559 δ
1028 4511 1104 4576 In
1130 4509 1509 4602 quibusdam
1534 4531 1615 4577 ex
1636 4509 2060 4592 lemmatibus,
2097 4509 2165 4580 ni
2185 4506 2405 4593 fallor,
2446 4509 2525 4574 ad
2549 4507 2928 4576 Porismata.
