4109 5609
1070 398 1141 482 ι’
1189 397 1231 480 1
1272 395 1593 481 BER·
1642 395 2162 486 T·E-:R·T1
2203 401 2292 488 U
2335 405 2430 491 3.·
2987 437 3152 526 207

536 623 734 703 Cas.
766 645 836 702 1.
872 617 1231 733 Qando
1252 616 1399 696 ΑΕ
1422 615 1701 699 minor
1722 616 1837 700 est
1858 647 2116 729 quam
2133 623 2321 723 AB3
2353 623 2608 736 i'gitur
2631 625 2912 712 addito
2931 633 3148 716 re&-

407 739 701 865 anguld
728 759 915 856 DA,
952 757 1099 834 ΑΕ
1134 754 1238 835 ad
1268 753 1544 862 ipsum
1574 755 1763 855 DA,
1792 757 1941 876 ΑΟ
1974 779 2246 841 totum
2279 763 2464 864 DA,
2503 763 2668 868 ΕΟ,
2739 765 3151 879 enhypo-

410 891 623 994 thefi,
693 893 976 973 datam
1022 892 1269 973 habet
1308 890 1715 972 rationem
1764 893 1871 972 ad.-
2767 965 2775 972 .

412 1027 897 1136 quadratum
940 1055 1037 1108 ex
1070 1029 1241 1110 CB.
1340 1027 1575 1108 Datis
1620 1026 1889 1136 igitur·
2012 1069 2096 1150 B·
2301 1071 2369 1152 E
2537 1073 2630 1154 D·
2821 1079 2901 1160 Α
3083 1082 3152 1164 C

408 1167 721 1247 duobus
779 1164 1107 1272 punffis
1166 1165 1263 1262 B,
1314 1163 1385 1242 E
1446 1162 1903 1246 inveniem-

406 1303 603 1382 dum
645 1303 756 1382 est
797 1301 1135 1382 tertium
1180 1301 1247 1379 Ο
1292 1320 1513 1379 extra
1556 1299 1737 1406 ipsa.
1780 1300 1871 1381 in

406 1441 611 1520 πᾶα
657 1439 801 1518 ΒΕ·
840 1437 1237 1544 Ρωᾶικέῖει
1282 1437 1509 1542 quod
1550 1436 1809 1518 faciet.
1838 1441 2411 1550 redtangulum
2455 1471 2506 1525 a
2547 1444 2962 1556 segmento
3005 1447 3143 1531 ΟΕ

320 1609 333 1623 ·
410 1575 915 1682 interipsum
950 1573 1470 1678 etpunfflmm
1512 1571 1586 1653 ei
1634 1574 1986 1680 pmpius.
2018 1577 2126 1657 ad
2172 1579 2672 1684 quadratum
2721 1611 2818 1666 ex
2864 1587 3013 1667 CB
3057 1587 3152 1668 in

408 1711 709 1792 ratione
742 1713 961 1811 data,
1012 1710 1103 1788 id
1134 1709 1361 1817 quod
1392 1707 1535 1788 fiet
1568 1715 1983 1817 ope-Prop.
2020 1740 2160 1820 43.
2197 1715 2384 1800 Lib.
2434 1744 2502 1802 1.

533 1851 764 1930 Cas,
824 1873 897 1930 2.
968 1845 1325 1960 Qando
1368 1847 1527 1926 AE
1574 1848 1929 1953 aequalis
1979 1851 2096 1932 est
2135 1849 2281 1958 ipfi
2338 1855 2536 1956 AB,
2597 1851 2760 1938 five
2813 1859 3152 1966 qniando

406 1987 799 2089 panetum
844 1985 915 2061 E
958 1983 1179 2062 cadit
1220 1983 1310 2062 in
1356 1982 1465 2064 B..
1561 1983 1879 2064 Addito
1918 1983 1997 2064 i-

410 2122 621 2228 gitur
652 2120 1123 2228 reustangulo
1167 2121 1351 2218 DA,
1388 2119 1531 2197 AB
1578 2119 1684 2198 ad
1728 2119 1999 2226 ipsum
2139 2163 2204 2240 B
2409 2165 2488 2242 D
2792 2173 2872 2250 Α
3085 2171 3154 2253 C

410 2259 579 2360 DA,
614 2259 763 2338 AC
807 2275 1077 2335 totum
1118 2257 1303 2356 DA,
1342 2254 1476 2334 BC
1520 2254 1799 2336 datam
1844 2257 1999 2336 ha-

404 2393 533 2475 bet
616 2393 1039 2474 rationem·
1118 2391 1237 2472 ad.
1316 2391 1811 2499 quadratum
1902 2419 2001 2476 ex

318 2535 329 2546 “
408 2532 595 2631 CB3
682 2529 875 2611 data
932 2527 1193 2644 igitur
1244 2527 1357 2608 est
1410 2528 1619 2608 ratio
1676 2531 1847 2610 DA
1904 2529 2012 2610 ad

407 2667 555 2768 BC,
606 2689 689 2748 et
730 2667 922 2747 data
966 2665 1081 2745 est
1118 2667 1229 2766 D,
1296 2665 1489 2746 data
1518 2664 1779 2776 igitur
1812 2667 1931 2748 est
1956 2663 2124 2766 BC,
2192 2664 2648 2779 datumque
2693 2672 2846 2757 erit
2877 2703 3144 2784 punc-

410 2828 577 2886 tum
612 2806 707 2888 C.
1901 2879 1911 2884 -

530 2943 733 3024 cas.
776 2966 853 3047 3.
920 2937 1279 3052 Qando
1331 2939 1493 3020 ΑΕ
1550 2937 1813 3045 major
1856 2941 1973 3022 est
2032 2965 2290 3047 quam
2344 2943 2502 3022 AB
2532 2977 2559 3045 3
2633 2945 2853 3029 cadit
2895 2946 3152 3058 igitur

412 3081 803 3186 punaum
835 3076 906 3155 E
936 3074 1037 3156 in·
1058 3077 1217 3156 AB
1236 3074 1633 3181 produsta
1664 3077 1879 3156 ultra
1912 3077 2007 3162 Β.
2081 3078 2186 3160 Et
2219 3081 2620 3186 quoniam
2639 3083 2922 3168 addito
2943 3087 3149 3170 re&-

414 3217 701 3325 angulo
735 3214 921 3312 DA,
954 3213 1101 3292 AE
1135 3210 1543 3317 adipsum
1575 3213 1760 3313 DA,
1796 3214 1943 3294 AC
2681 3263 2688 3270 -

415 3375 673 3433 totum
727 3348 1296 3458 restangulum
1340 3351 1541 3449 DA,
1593 3348 1743 3428 EC
1790 3349 1943 3430 da·
2079 3385 2148 3467 E
2297 3390 2362 3469 B
2609 3394 2692 3473 D
2848 3399 2930 3476 A
3081 3396 3150 3478 C
3215 3361 3224 3370 '

416 3511 575 3570 tam
606 3481 859 3568 habet
890 3485 1293 3566 rationem
1314 3486 1423 3566 ad
1446 3485 1947 3591 quadratum
2091 3525 3148 3570 ---=-...·.....-=...-

416 3653 499 3706 ex
528 3625 707 3723 cB;
772 3621 1035 3732 igitur
1066 3621 1277 3704 datis
1312 3621 1637 3703 duobus
1672 3649 1939 3728 punc-
2869 3639 2880 3648 ‘

414 3763 511 3844 tis
564 3763 663 3862 E,
714 3761 783 3839 B
828 3756 1165 3840 tertium
1222 3759 1291 3838 Ο
1346 3757 1935 3840 inveniendum
1996 3754 2112 3838 est
2153 3777 2376 3838 extra
2417 3757 2590 3866 ipsa
2635 3761 2862 3870 quod
2905 3761 3151 3847 faciet

414 3897 973 4006 reaangulum
1020 3923 1069 3976 a
1109 3895 1523 4006 segmento
1556 3895 1693 3976 ΟΕ
1726 3893 1941 3976 inter
1984 3892 2258 4000 ipsum
2303 3915 2404 3976 et·
2425 3900 2832 4004 pune’tum
2877 3925 3151 3982 remo-

415 4035 567 4118 tius
612 4037 683 4114 E
728 4033 837 4114 ad
886 4031 1383 4140 quadratum
1426 4059 1525 4112 ex
1566 4032 1715 4112 CB
1761 4031 1855 4112 in
1896 4030 2214 4120 ratione
2256 4028 2477 4135 data,
2549 4035 2777 4145 quod.
2823 4035 2966 4121 fiet
2998 4063 3150 4144 ope

418 4175 635 4280 Prop.
669 4197 811 4277 44.
845 4195 1059 4279 quae
1090 4169 1201 4252 est
1236 4169 1669 4284 Epitagma
1709 4193 1787 4278 3.
1830 4167 2068 4253 Prob.
2110 4191 2186 4252 2.
2219 4166 2406 4255 Lib.
2454 4195 2523 4256 1.

2135 2347 2218 2428 E
