4109 5609
870 409 1031 522 ηε)
1118 495 1125 502 ,
1214 407 1388 492 DE
1455 405 2157 490 SECTIONE
2220 405 3286 502 DETERMmATA

866 631 977 711 est
1011 631 1415 734 pund'mm
1452 629 1509 706 F
1544 625 1765 710 inter·
1791 627 1873 706 G
1902 647 1981 709 et
2004 629 2101 727 C,
2151 625 2329 726 erit,
2382 653 2525 734 per
2556 629 2804 734 Prepa,
2835 655 2880 710 2
2891 655 2966 734 3.
3003 631 3191 712 Lib.
3229 655 3307 740 7.
3345 629 3632 736 Pappi,

832 767 1441 874 -rectangulum
1473 767 1639 865 AF,
1680 767 1807 844 FC
1838 762 2076 844 fimul
2111 791 2306 845 cum
2343 765 2514 870 ipso
2549 765 2728 866 HF,
2770 767 2912 846 FG
2951 769 3285 874 aequale
3319 771 3652 850 τεθεα-

867 906 1065 1014 gulo
1100 905 1295 1002 AG,
1334 904 1515 1001 GC,
1565 901 1721 982 hoc
1760 902 1871 981 est
1904 902 2100 982 dato
2131 937 2154 1000 ς
2227 903 2796 1010 tetstangulum
2844 903 3100 1012 igitur
3137 909 3312 1005 HF,
3355 907 3494 985 FG
3532 906 3658 984 est

868 1043 958 1121 id
996 1042 1101 1120 ad
1138 1041 1363 1146 quod
1399 1041 1970 1148 re&angulum
2006 1041 2159 1137 BF,
2199 1021 2324 1118 FE
2359 1039 2666 1139 datam,
2733 1069 2830 1120 ex
2874 1041 3326 1148 hypothesi,
3392 1042 3648 1121 habet

870 1179 1301 1262 rationem,
1416 1175 1721 1276 PrimB,
1782 1173 1939 1255 fint
1973 1177 2279 1282 pumila
2321 1178 2415 1276 E,
2455 1173 2522 1254 B
2559 1177 2772 1258 inter
2816 1178 2986 1286 ipsa
3031 1180 3158 1280 G,
3185 1182 3278 1278 C,
3329 1201 3408 1260 et
3451 1180 3658 1259 data

874 1337 1115 1398 erunt
1160 1315 1249 1392 in
1296 1315 1509 1394 recta
1557 1315 1768 1394 linea
1814 1336 2170 1420 quatuor
2231 1315 2548 1418 punem

876 1457 995 1552 H,
1026 1455 1137 1552 G,
1170 1455 1265 1550 E,
1298 1455 1361 1530 Β
1390 1449 2106 1534 adinveniendum
2146 1452 2538 1557 quintum
2675 1494 2753 1570 A
3017 1495 3110 1572 H
3143 1494 3226 1572 G
3255 1495 3322 1572 E
3383 1496 3442 1574 F
3467 1495 3530 1571 B
3577 1495 3664 1572 C

880 1593 937 1670 F
972 1591 1063 1672 in
1098 1591 1519 1696 [egmento
1556 1609 1913 1672 extremo
1958 1589 2094 1676 ΕΒ
2137 1589 2364 1694 quod
2409 1587 2539 1668 fa-
3061 1629 3078 1654 ·
3407 1627 3422 1654 ι

880 1727 1037 1808 ciet
1083 1727 1651 1833 rectangulum
1688 1728 1863 1824 HF,
1902 1726 2043 1804 FG
2085 1755 2132 1804 a
2167 1727 2538 1833 segmen-

882 1865 986 1944 tis
1048 1864 1261 1943 inter
1320 1863 1590 1969 ipsum
1648 1885 1727 1943 et
1786 1865 2192 1968 punffihlm
2252 1885 2706 1944 extremum
2767 1867 2857 1946 H
2923 1867 3148 1972 quod
3195 1867 3306 1946 est
3353 1867 3460 1946 ad
3517 1895 3658 1948 eas

884 2023 1147 2111 partes
1196 1999 1437 2107 ipfius
1486 2003 1543 2079 F
1590 2001 1705 2088 ad
1742 2029 1945 2114 quas
1994 2001 2182 2080 sunt
2227 2001 2531 2106 pumsta
2576 2002 2847 2084 media
2895 2004 3009 2102 G,
3049 2007 3144 2104 E,
3196 2008 3646 2109 punemm-

886 2167 1047 2246 que
1083 2139 1455 2218 medium
1488 2139 1573 2218 G
1610 2139 1838 2244 quod
1871 2135 2015 2243 ipfi
2052 2141 2142 2217 H
2189 2138 2520 2244 propius
2569 2139 2678 2216 est
2725 2139 2838 2220 ad.
2875 2142 3446 2248 rediangulum
3489 2144 3650 2244 BF,

888 2279 1015 2356 FE
1064 2304 1109 2354 a
1157 2276 1587 2384 segmentis
1624 2276 1837 2354 inter
1872 2274 2142 2381 ipsum
2177 2277 2234 2353 F
2267 2295 2348 2354 et
2379 2273 2708 2382 reliqua,
2729 2279 3046 2382 punaa,
3079 2278 3271 2362 data
3307 2279 3400 2358 in
3443 2281 3649 2362 rati-

889 2440 1045 2494 one
1079 2414 1298 2512 data,
1338 2412 1564 2521 quod
1598 2411 1743 2496 fiet,
1774 2439 1924 2519 ope
1960 2415 2193 2516 Prop.
2235 2411 2367 2492 62.
2471 2411 2616 2490 Se-

890 2550 1201 2650 eunde),
1238 2547 1333 2628 fit
1370 2549 1775 2654 punaum
1808 2551 1874 2634 B
1910 2549 2126 2632 inter
2160 2548 2335 2655 ipsa,
2361 2547 2476 2646 G,
2515 2548 2626 2647 C,
2751 2529 2838 2610 A
2985 2529 3082 2608 Η
3305 2529 3455 2609 EF
3481 2530 3546 2608 Β
3582 2531 3660 2610 C

890 2689 1297 2796 Ρωιέὶωῐι
1346 2681 1538 2770 vero
1580 2689 1649 2766 E
1692 2685 1784 2766 in
1846 2685 2020 2792 ipso
2065 2686 2148 2766 G
2191 2719 2214 2784 ;
2313 2683 2624 2794 quoni-
2747 2666 3648 2795 ——Q'E—h'h-

894 2854 1033 2905 am
1068 2824 1325 2934 igitur
1359 2823 1551 2904 data.
1584 2825 1701 2910 est.
1720 2824 1931 2906 ratio
1944 2821 2404 2931 ‚reetangnli
2431 2825 2588 2902 HF
2587 2885 2624 2922 2

896 2964 1081 3063 FG,
1120 2961 1278 3046 five
1312 2961 1506 3062 HF„
1531 2963 1657 3044 FE
1704 2961 1810 3040 ad
1844 2959 2114 3067 ipsum
2149 2961 2306 3060 BF,
2343 2961 2500 3060 FE,
2548 2961 2744 3040 data
2773 2958 2928 3040 erit
2969 2957 3180 3039 ratio
3211 2963 3472 3042 restae
3505 2964 3666 3042 HF

894 3101 1001 3180 ad
1034 3098 1300 3204 ipsam
1331 3099 1483 3197 FB,
1524 3119 1603 3180 et
1638 3097 1832 3182 data
1864 3098 1977 3178 est.
2008 3099 2228 3182 resta
2261 3099 2447 3196 ΗΒ,
2487 3085 3048 3204 ςυειτόᾶειωω
3077 3096 3229 3178 erit
3255 3101 3658 3203 punfium

897 3240 982 3318 F.
1076 3234 1387 3335 TertiB,
1450 3234 1547 3316 fit
1582 3237 1991 3349 pundhnn
2018 3235 2084 3314 B
2121 3233 2333 3316 inter
2366 3235 2450 3316 G
2485 3257 2566 3316 et
2602 3237 2696 3332 C,
2747 3235 3151 3340 punstum
3189 3241 3380 3316 vero
3417 3238 3484 3316 E
3517 3238 3654 3320 in.-

898 3397 1020 3454 ter
1056 3375 1147 3453 H
1180 3392 1261 3452 et
1296 3371 1423 3472 G3
1474 3394 1553 3454 et
1588 3372 2012 3478 quoniam,
2054 3397 2196 3477 per
2229 3375 2471 3478 Prop,
2505 3399 2548 3453 2
2560 3401 2635 3479 3.
2673 3371 2857 3454 Lib.
2901 3397 2976 3498 z.
3014 3370 3296 3478 Pappi,
3333 3375 3656 3456 restan-

902 3515 1197 3620 gulum
1232 3511 1403 3610 AF,
1438 3511 1564 3589 FC
1606 3505 1843 3588 fimul
1890 3535 2090 3588 cum

904 3648 1075 3754 ipso
1136 3649 1325 3744 HF,
1377 3645 1533 3725 FG
1592 3645 1925 3754 ae‘quale
1970 3645 2083 3726 est
2217 3687 2297 3764 A
2637 3685 2728 3764 H
2787 3685 2859 3764 E
3147 3684 3232 3762 G
3281 3687 3340 3764 F
3419 3687 3486 3766 B
3593 3689 3660 3768 C

902 3785 1125 3883 date,
1220 3783 1694 3891 redtangulo
1785 3781 2081 3862 scilicet

904 3922 1111 4020 AG,
1162 3919 1355 4019 GC,
1428 3919 1620 4002 data
1688 3938 1927 4000 erunt
1994 3916 2090 3997 in

906 4059 1125 4140 resta
1157 4056 1371 4140 linea
1405 4077 1759 4166 quatuor
1796 4055 2107 4162 puncta
2139 4057 2257 4156 H,
2297 4057 2398 4156 E,
2431 4055 2547 4155 G,
2587 4058 2650 4134 B
2687 4057 2794 4134 ad
2825 4055 3416 4138 inveniendum
3449 4059 3671 4142 inter

910 4197 994 4274 G
1032 4217 1111 4276 et
1157 4194 1222 4271 B
1270 4192 1663 4299 quintum
1707 4196 1767 4274 F
1813 4193 2039 4300 quod
2083 4191 2328 4273 faciet
2371 4194 2944 4302 refiangulnm
2986 4195 3162 4294 HF,
3201 4196 3344 4276 FG
3391 4223 3438 4276 a
3483 4197 3664 4306 seg-

864 4328 873 4340 ’
909 4330 1209 4412 mentis
1248 4330 1461 4411 inter
1504 4329 1777 4437 ipsum
1820 4351 1898 4410 et
1934 4331 2340 4436 punan
2373 4350 2832 4411 extremum
2861 4332 2952 4410 H
2987 4331 3214 4436 quod
3251 4333 3362 4412 est
3395 4334 3500 4412 ad
3533 4363 3668 4416 eas

912 4491 1179 4580 partes
1214 4465 1457 4576 ipfius
1494 4471 1553 4550 F
1588 4469 1693 4550 ad
1730 4495 1931 4578 quas
1968 4467 2155 4548 sunt
2205 4469 2506 4574 pune'ta
2551 4467 2819 4550 media
2867 4467 2961 4584 Ε,
3001 4467 3086 4551 G
3133 4471 3674 4581 mediumque
