4109 5609
1023 400 1205 481 DE
1306 387 2522 476 PoRISMATIBUS·.‚
2967 380 3139 487 463

388 619 961 709 cumferentias
998 620 1173 715 FH,
1212 614 1402 697 KG.
1470 608 1759 693 Duffls
1796 606 2019 691 enim
2057 636 2102 687 a
2137 626 2412 689 centro
2449 600 2683 685 rec't'is
2719 602 2917 703 NH,
2933 600 3128 699 NG,

390 782 631 843 erunt
654 770 714 858 ⁰,
754 758 845 839 in
878 750 1305 859 triangulis
1594 804 1601 809 -
2780 752 2790 761 '
3173 760 3200 793 ⁸
3225 760 3286 820 8.
3323 776 3378 821 ι.

392 898 661 994 ΗΝΕ,
700 894 964 990 GNE,
1028 886 1307 995 anguli

396 1032 665 1128 NEH,
716 1030 949 1110 NEG
1008 1053 1306 1131 aequa-

400 1171 513 1251 les
559 1202 581 1266 3
688 1192 937 1273 quare
1004 1162 1095 1243 in
1166 1158 1309 1239 tri·

400 1304 721 1411 angulis
821 1296 1310 1404 restangulis

402 1442 653 1539 ENO‚
694 1440 899 1519 ENP
944 1434 1311 1539 aequales

402 1598 643 1663 erunt
688 1563 723 1621 ‘¹
770 1574 1027 1655 reetae
1094 1572 1263 1649 ΝΟ
1282 1631 1307 1667 ,

402 1716 569 1796 NP.
664 1711 955 1793 Reetae
1003 1708 1313 1814 igitur²

406 1852 587 1949 FH,
612 1848 805 1946 GK,
846 1866 923 1924 et
956 1844 1316 1925 circum-

410 1983 795 2067 ferentiae
822 2008 1031 2086 ,quas
1068 1976 1556 2057 abscindunt
1591 1978 1955 2084 aequales
1990 2002 2254 2062 erunt.

546 2122 757 2201 Sunt
790 2118 998 2195 duae
1031 2113 1185 2192 hae
1217 2110 1789 2225 Propofitiones
1825 2116 2251 2196 Lemmata
2285 2114 2392 2195 ad
2415 2114 2768 2195 Porisma
2801 2112 3160 2221 penulti-

328 2238 654 2339 ⁰mum
712 2253 897 2335 Lib.
942 2278 1023 2357 3.
1078 2250 1617 2332 Porismatum
1678 2251 2066 2350 Euclidis,
2129 2250 2356 2359 quod
2413 2251 2504 2329 in
2562 2242 2788 2331 textu
2843 2250 3164 2329 Graeco

418 2389 937 2502 praefationis
970 2386 1220 2493 Pappi
1254 2386 1781 2467 Alexandrini
1818 2387 1923 2467 ad
1956 2387 2307 2471 Librum
2341 2387 2510 2491 ejus
2539 2412 2620 2497 7.
2654 2414 2901 2494 quem
2927 2415 3162 2495 prae-

418 2531 600 2613 fixit
632 2522 917 2609 clariff.
962 2522 1335 2603 Halleius
1370 2522 1709 2603 editioni
1756 2522 1941 2602 suae
1980 2524 2398 2629 Apollonii
2443 2524 2544 2603 de
2587 2524 2950 2606 Sectione
2997 2528 3166 2605 Ra-

424 2664 701 2767 tionis»,
764 2660 1065 2745 Oxonii
1110 2685 1329 2741 anno
1386 2660 1619 2769 1706.
1668 2657 2110 2764 impressae,
2183 2660 2312 2743 his
2359 2658 2626 2741 verbis
2671 2662 3162 2763 continetur,

420 2830 584 2886 viz.

547 2925 741 3015 “Ore
787 2920 949 3013 ἐστὶ
998 2922 1083 3011 τὶ
1119 2917 1297 3009 δοθὲν
1332 2922 1621 3027 amager
1660 2911 1873 3032 ἐφ’ἷῖ
1911 2918 1989 3007 αἱ
2033 2916 2610 3048 ἐπιζευγνυμένων.
2657 2919 2784 3013 ἐπὶ
2818 2918 2970 3011 τᾶδε
3015 2916 3179 3021 ’ἴσας

422 3058 977 3167 ἆπολαμζσῖνκσι
1002 3054 1465 3186 περιφερείας.
3094 3054 3105 3059 ’
3165 3158 3172 3165 ⁶

564 3208 919 3291 Porisma
952 3204 1163 3285 hisce
1197 3203 1463 3284 verbis
1497 3204 1847 3285 breviter
1880 3225 1959 3283 et
1992 3204 2326 3285 obscure
2357 3204 2606 3285 nimis
2654 3204 3172 3313 descriptum,

431 3375 601 3428 non
638 3372 883 3452 parva
916 3340 1328 3448 indagine,
1366 3341 1481 3419 ita
1514 3340 2086 3447 explicandum
2121 3340 2424 3440 inveni,
2463 3340 2794 3441 scilicet,

1384 3614 1443 3691 P
1511 3616 1583 3693 R
1652 3614 1727 3691 O
1792 3616 1879 3695 P.
2012 3614 2224 3695 Lm.
2395 3634 2400 3641 '

452 3900 507 3939 ⁸‘
556 3890 863 3973 DATO
900 3886 1203 3993 puncto
1240 3886 1455 3965 intra
1488 3887 1612 3965 vel
1651 3906 1869 3965 extra
1906 3886 2304 3965 circulum
2340 3884 2728 3990 positione
2765 3887 3082 3988 datum,
3129 3888 3190 3969 fi

453 4035 510 4074 “
560 4056 701 4135 per
735 4024 943 4105 illud
987 4023 1333 4101 ducatur
1374 4043 1797 4127 utcunque
1840 4024 2055 4103 reeta
2100 4022 2314 4100 linea
2359 4022 2662 4103 circulo
2707 4050 3187 4125 occurrens3
3351 4108 3356 4121 ,

456 4170 514 4211 “
562 4166 851 4245 datum
910 4158 1063 4241 erit
1120 4157 1343 4237 aliud
1405 4160 1805 4263 punctum
1850 4186 1899 4237 a
1942 4188 2110 4264 quo
2153 4155 2211 4237 fi
2259 4156 2364 4236 ad
2410 4160 2712 4264 punch
2757 4160 2848 4239 in
2894 4156 3196 4264 quibus

458 4306 515 4348 “
564 4301 812 4382 dufia
870 4293 1565 4377 circumferentiae
1622 4294 2001 4395 occurrit,
2064 4294 2470 4376 ducantur
2527 4296 2735 4376 duae
2791 4297 3048 4375 refiae
3093 4296 3197 4373 li·-

461 4445 519 4483 “
570 4464 791 4539 neae,
830 4431 1303 4519 abscindent
1338 4430 1487 4513 hae
1524 4459 1571 4513 a
1604 4431 1908 4515 circulo
1944 4429 2634 4517 circumferentias
2675 4428 3120 4538 aequaIeS.’'
