4109 5609
1014 449 1021 451 -
1200 405 1699 495 L1BER
1804 390 2466 493 PRIMUS.
3059 438 3212 529 κη

458 641 655 719 Cas,
697 661 777 741 3.
846 630 1212 746 Qando
1256 630 1465 711 ratio
1498 629 1691 710 data
1726 630 1835 709 est
1870 629 2200 736 quaevis
2237 629 2396 757 alia
2445 652 2698 736 quam
2751 630 2842 709 in
2879 628 3206 717 duobus

1177 766 1839 874 praecedentibus
1874 764 2214 849 cafibuS.

588 909 931 989 Fastum
966 925 1211 1010 puta;
1248 901 1348 983 fit
1378 904 1677 984 scilicet
1710 900 2278 1010 restangulum
2309 898 2534 983 ADC
2567 901 2674 983 ad
2707 902 3206 1011 quadratum

456 1074 547 1125 ex
577 1046 725 1125 DB
764 1044 855 1122 in
890 1042 1209 1121 ratione
1240 1040 1455 1121 data.
1562 1040 2066 1147 Rediangulo
2109 1040 2330 1119 ADC
2377 1042 2710 1147 aequale
2753 1038 2849 1121 fit
2881 1044 3204 1125 redian-

452 1182 746 1291 guium
781 1178 1023 1275 BDE‚
1054 1174 1303 1283 posit&
1323 1176 1471 1257 DE
1496 1174 1763 1257 versus
1802 1196 2065 1281 partes
2102 1176 2384 1281 pund’ti
2421 1179 2514 1259 C.
2583 1176 3006 1292 Qioniam
3037 1179 3203 1289 igi-

450 1338 585 1397 tur
624 1317 825 1397 data
872 1314 983 1393 est
1022 1313 1233 1393 ratio
1276 1312 1727 1421 reikanguli
1772 1314 2023 1412 ADG,
2097 1312 2253 1394 hoc
2313 1314 2426 1395 est
2485 1310 2734 1419 ipfius
2781 1312 3021 1417 BDE,
3093 1318 3202 1399 ad

448 1454 951 1561 quadratum
984 1474 1081 1529 ex
1124 1450 1299 1550 DB,
1360 1450 1553 1531 data
1600 1448 1753 1529 erit
1796 1449 2008 1528 ratio
2050 1451 2311 1533 redae
2359 1449 2504 1529 ED
2551 1452 2658 1531 ad
2715 1450 2978 1558 ipsam
3019 1451 3195 1537 DB.

454 1591 581 1670 Est
614 1609 927 1687 autem,
976 1612 1123 1693 pei·
1156 1590 1383 1693 Prop.
1426 1588 1501 1669 8.
1537 1582 1683 1664 BD
1718 1586 1823 1665 ad
1856 1586 2029 1684 DE,
2079 1606 2176 1665 ut
2219 1588 2787 1695 reaangulum
2833 1590 3047 1671 CBA
3089 1592 3200 1673 ad
3281 1688 3290 1697 ι

454 1728 717 1835 ipsum
752 1723 997 1823 AEC,
1044 1724 1349 1803 horum
1382 1723 1637 1831 igitur
1668 1721 1875 1801 ratio
1908 1722 2099 1803 data
2143 1724 2296 1822 est3
2371 1744 2450 1804 et
2493 1724 2785 1805 datum
2827 1726 2940 1807 est
2981 1730 3195 1809 re&-

448 1866 853 1975 angulum
876 1862 1116 1960 CBA,
1146 1884 1395 1967 quare
1428 1881 1505 1939 et
1538 1860 1749 1938 AEC
1784 1860 2074 1939 datum
2107 1861 2240 1942 est.
2313 1862 2416 1939 Et
2449 1860 2844 1968 quoniam
2877 1864 3196 1945 restan-

447 2004 743 2109 gulum
778 1998 994 2079 BDE
1030 1997 1360 2103 aequale
1394 1998 1505 2077 est
1536 1993 1681 2101 ipfi
1716 1998 1967 2096 ADG,
2032 1996 2144 2077 est
2189 2016 2466 2077 autem
2509 1998 2656 2077 BD
2693 1998 2962 2103 major
3005 2001 3191 2100 AD,

448 2138 597 2217 erit
632 2139 781 2216 CD
818 2136 1083 2240 major
1111 2134 1285 2215 DE.
1356 2133 1763 2213 Puncffhim
1795 2131 2051 2239 igitur
2085 2132 2152 2211 E
2189 2132 2408 2213 cadit
2441 2132 2654 2213 inter
2684 2136 2792 2235 A,
2829 2136 2898 2215 C
2931 2162 3196 2243 punc-

454 2296 557 2355 ta.
606 2276 713 2353 Et
747 2272 1149 2380 quoniam
1180 2270 1471 2350 datum
1506 2270 1616 2348 est
1648 2268 2218 2377 re&mgulum
2249 2270 2490 2371 AEC,
2519 2290 2598 2349 et
2631 2270 2824 2351 data
2849 2272 2960 2355 est
2981 2276 3198 2355 reela

452 2411 619 2511 AC,
656 2410 955 2489 datum
973 2419 1001 2455 ²
1018 2406 1168 2489 erit
1204 2409 1609 2514 pumstum·
1643 2404 1737 2505 E,
1778 2408 2250 2511 quare.data
2283 2406 2394 2487 est
2427 2408 2642 2487 resta
2677 2406 2835 2492 BE.
2909 2411 3013 2491 Et
3047 2410 3197 2491 da-

452 2568 537 2627 ta
564 2544 875 2627 ostenfii
906 2546 1019 2625 est
1050 2543 1255 2623 ratio
1292 2543 1438 2623 BD
1472 2542 1579 2621 ad
1612 2542 1788 2641 DE,
1838 2543 2129 2623 datum
2154 2534 2189 2591 b
2213 2542 2471 2651 igitur
2501 2544 2614 2625 est
2655 2548 3058 2651 pundium
3089 2548 3195 2630 D.

588 2682 1013 2798 Qoniam
1072 2704 1263 2759 vero
1320 2680 1427 2759 ad
1484 2675 2174 2783 compofitionem,
2247 2708 2412 2787 qua
2457 2680 3043 2763 inveniendum
3089 2686 3202 2765 est.

456 2820 863 2925 punaum
908 2818 1007 2917 E,
1076 2815 1519 2923 requiritur
1560 2836 1657 2894 ut
1708 2813 1815 2895 ad
1859 2816 2142 2895 datam
2183 2818 2490 2897 mediam
2544 2818 2690 2897 AC
2747 2818 3200 2923 applicetur

448 2956 1021 3065 refflngulum
1052 2952 1267 3033 AEC
1298 2954 1493 3033 dato
1522 2926 1993 3061 reaaiigulo
2028 2954 2386 3059 aequale,
2415 2952 2490 3033 ei
2523 2952 2824 3035 scilicet
2839 2954 2948 3037 ad
2973 2956 3198 3061 quod

458 3092 1019 3202 reffingulum
1054 3092 1266 3171 CBA
1296 3090 1579 3171 datam
1622 3088 1869 3171 habet
1912 3089 2316 3169 rationem
2358 3090 2505 3169 BD
2541 3090 2644 3171 ad
2689 3090 2866 3192 DE,
2913 3086 3198 3171 defici·-

448 3256 593 3309 ωε
626 3227 1061 3336 quadrato,
1106 3227 1531 3308 Problema
1576 3253 1745 3305 non
1788 3224 2096 3331 semper
2141 3226 2494 3307 construi
2538 3228 2820 3333 potest,
2878 3228 3196 3335 quoties

452 3364 753 3447 scilicet
784 3364 1353 3472 reaangulum
1386 3362 1709 3462 datum,
1744 3360 1881 3441 cui
1914 3362 2250 3468 aequale
2279 3360 2856 3469 applicandum
2889 3364 3002 3445 est
3022 3388 3191 3445 rec-

444 3522 579 3585 tae
606 3502 793 3602 AC,
836 3500 1103 3606 majus
1134 3498 1385 3581 fuerit
1428 3498 1829 3606 quadrato
1872 3522 1969 3577 ex
2013 3499 2368 3583 dimidio
2408 3497 2656 3605 ipsius
2696 3500 2844 3580 Ac
2865 3509 2921 3583 ⁶.
3025 3499 3193 3581 Fiet
3235 3520 3262 3555 ⁶

449 3660 729 3721 autem
758 3638 1013 3719 modo
1036 3632 1452 3746 singulari,
1476 3633 1539 3715 fi
1572 3636 2140 3743 refiangulum
2173 3635 2328 3715 hoc
2367 3637 2696 3742 aequale
2717 3634 2966 3719 fuerit
2991 3660 3194 3743 qua·-

440 3776 689 3856 =drato
724 3798 823 3857 ex
852 3771 1203 3858 dimidio
1232 3767 1495 3855 melae
1524 3774 1696 3871 Ac,
1748 3771 1903 3851 hoc
1950 3772 2063 3851 est
2095 3768 2156 3851 fi
2190 3774 2594 3878 punfium
2633 3772 3194 3879 applicationis

454 3913 527 3991 E
558 3910 941 3993 inciderit
970 3910 1063 3991 in
1090 3911 1469 3991 medium
1494 3912 1763 3991 restae
1790 3908 1961 3991 AC.

580 4048 715 4129 ita
746 4068 1021 4129 autem
1052 4046 1511 4129 invenietur
1542 4046 1946 4152 pundhun
1978 4046 2092 4143 D,
2137 4064 2218 4123 et
2249 4046 2458 4125 ratio
2487 4042 2938 4153 ree'tanguli
2970 4044 3194 4125 ADG

442 4186 559 4265 ad
592 4184 1091 4293 quadratum
1124 4208 1223 4263 ex
1251 4180 1403 4262 DB
1432 4180 1527 4263 in
1556 4182 1715 4262 hoc
1748 4176 1959 4264 casu.
2028 4176 2422 4260 Bifariam
2457 4178 2758 4262 secetur
2787 4184 2936 4261 AC
2965 4182 3056 4261 in
3092 4182 3189 4280 E,

446 4342 535 4402 et
566 4344 766 4427 puta
795 4324 881 4403 D
912 4318 1061 4401 effe
1092 4320 1497 4427 pun-stum
1530 4314 2118 4398 inveniendum
2151 4319 2376 4424 quod
2410 4318 2704 4399 scilicet
2737 4318 2936 4400 facit
2979 4316 3192 4397 re&-

444 4460 857 4569 angulum
915 4456 1131 4539 BDE
1186 4456 1519 4565 aequale
1574 4449 1721 4563 ipfi
1778 4454 2003 4533 ADG
2019 4486 2043 4553 3
2119 4454 2400 4537 addito
2457 4453 2726 4565 igitur
2765 4450 3190 4538 communi

1722 4592 1811 4670 Ο
1884 4614 1933 4669 -2

3247 2440 3274 2473 ⁸
3305 2439 3406 2501 86.
3429 2440 3562 2495 Dat.

3239 2555 3268 2603 ὓ
3301 2558 3360 2619 8.
3391 2558 3520 2615 Dat.

3297 3538 3396 3597 27.
3427 3522 3494 3583 6.
