4109 5609
1137 410 1322 490 DE
1423 349 2625 492 PORISM'ATIBUS.
3092 437 3245 524 541⁴

644 628 848 708 Cas,
893 654 966 710 2.
1123 629 1396 708 uando
1429 628 1596 709 duo
1631 629 1934 735 punem
1969 627 2159 708 data
2194 627 2381 708 sunt
2414 627 2631 708 intra
2666 627 3045 734 vel'extra
3091 627 3255 710 cir-

503 766 812 846 culum.

637 901 758 981 Sit
803 901 1151 982 circulus
1200 902 1430 1008 cujus
1476 902 1868 982 diameter
1911 904 2067 980 AB
2128 901 2512 1007 pofitione
2558 923 2636 982 et
2680 903 3252 1011 magnitudine

497 1037 690 1118 data
726 1039 860 1135 est,
893 1059 1426 1144 centrumque
1461 1037 1553 1118 fit
1587 1041 1696 1138 C;
1746 1059 1826 1118 et
1857 1039 2049 1118 data
2080 1037 2237 1120 fint
2270 1039 2361 1118 in
2395 1039 2821 1140 diametro,
2850 1040 3091 1142 intra,
3121 1042 3249 1122 vel

493 1196 715 1254 extra
753 1176 1148 1254 circulum
1173 1177 1342 1254 duo
1375 1179 1680 1282 puncta
1713 1179 1820 1275 D,
1849 1179 1943 1276 E,
1983 1177 2423 1283 aequaliter
2458 1206 2503 1256 a
2542 1197 2817 1258 centro
2841 1176 3244 1260 distantia.
3342 1181 3347 1186 ’

493 1313 714 1418 Data·
753 1333 990 1392 erunt
1036 1312 1194 1390 alia
1238 1314 1404 1393 duo
1452 1315 1756 1419 punc'ta
1803 1342 1850 1392 a
1897 1313 2201 1421 quibus
2244 1312 2307 1394 fi
2352 1314 2456 1394 ad
2504 1313 3247 1396 circumferentiam

480 3769 1002 3856 inflectantur
1043 3791 1466 3876 utcunque
1510 3767 1722 3850 duae
1763 3769 2052 3866 restae,
2125 3765 2599 3848 abscindent
2644 3765 2797 3848 hae
2840 3767 3008 3848 duo
3054 3769 3233 3881 seg-

477 3929 754 3990 menta
788 3905 1164 3988 diametri
1199 3905 1412 3987 datis
1459 3904 1784 4012 punctis
1819 3908 1926 4006 D,
1966 3905 2036 3984 E
2084 3902 2557 4008 adjacentia,
2606 3931 2965 4010 quorum
3008 3906 3233 4004 sum,-

477 4075 616 4128 ma
662 4045 1252 4152 quadratorum
1295 4043 1486 4122 data
1532 4042 1710 4125 erit.

609 4185 815 4262 Puta
846 4181 1202 4262 Porisma
1234 4205 1525 4260 verum
1562 4177 1755 4272 effe3
1825 4175 2143 4288 fiatque
2176 4183 2265 4280 F,
2306 4178 2390 4258 G
2437 4176 2605 4260 duo
2650 4179 2954 4284 puncta
2998 4177 3235 4260 inve-

475 4319 800 4402 nienda.
881 4316 1146 4427 Igitur
1177 4313 1498 4398 inflexis
1531 4337 1958 4424 utcunque
1993 4319 2099 4398 ab
2133 4313 2318 4423 ipfis
2355 4315 2461 4396 ad
2495 4313 3235 4412 circumferentiam

471 4457 708 4544 rectis
745 4457 922 4561 ΕΗ,
939 4455 1146 4559 GH,
1186 4481 1394 4564 quae
1429 4453 1828 4540 diametro
1848 4455 2005 4554 'AB
2045 4455 2137 4537 in
2170 4455 2279 4558 K,
2306 4453 2373 4534 L
2412 4451 2736 4560 punctis
2773 4471 3227 4554 occurrant,
