4109 5609
923 398 1025 487 18¹
1578 398 1795 483 DE
1929 396 3059 485 LIMITIBUS

910 623 979 702 ti
1026 618 1271 727 ipfius
1318 622 1490 720 AC,
1554 622 1659 701 ad
1702 624 1859 701 AN
1906 622 2506 703 incrementum
2553 620 2794 730 ipsius
2855 626 2990 703 AF
3051 622 3334 705 eadem
3379 624 3688 709 rationi

909 762 1171 839 rediae
1206 761 1379 839 RM
1416 760 1519 839 ad
1556 760 1813 866 ipsam
1850 763 2028 841 EA:
2103 763 2214 841 est
2251 782 2526 841 autem
2573 764 2744 841 RM
2781 762 3056 842 minor
3090 762 3258 869 ipsa
3305 765 3462 841 RV
3503 756 3688 867 (de-

912 896 1165 977 crevit
1200 896 1425 977 enim
1461 900 1609 975 BV
1632 898 1723 975 in
1760 898 1956 1010 ΒΜ)
1997 928 2206 1005 quae
2231 928 2326 980 ex
2362 899 2954 979 construstione
2981 900 3255 980 minor
3277 902 3390 980 est
3423 926 3686 1007 quam

910 1036 1091 1115 TB:
1145 1034 1351 1115 ratio
1386 1034 1641 1143 igitur
1674 1036 2156 1116 incrementi
2180 1040 2415 1116 ALH
2451 1036 2558 1115 ad
2591 1038 2858 1143 ipsum
2881 1040 3039 1117 AN
3072 1034 3231 1117 five
3261 1037 3474 1118 ratio
3507 1040 3686 1119 ΒΜ

917 1173 1025 1251 ad'
1058 1174 1229 1273 EA,
1278 1173 1553 1251 minor
1587 1174 1697 1253 est
1734 1174 2043 1254 ratione
2079 1177 2220 1253 ΤΒ
2267 1176 2371 1253 ad
2419 1176 2590 1273 EA,
2635 1176 2788 1255 hoc
2837 1176 2948 1254 est
2991 1174 3308 1255 ratione
3341 1176 3568 1257 data:
3619 1172 3684 1257 fi

912 1338 1105 1391 vero
1138 1312 1345 1391 ratio
1384 1312 1517 1389 BL
1556 1312 1657 1390 ad
1698 1314 1859 1389 ΒΜ
1886 1312 2158 1417 major
2189 1311 2284 1391 fit
2318 1313 2632 1393 ratione
2667 1314 2801 1391 BC
2835 1313 2942 1391 ad
2975 1316 3162 1411 AR,
3195 1314 3468 1393 multo
3497 1336 3684 1392 mae·

910 1448 1038 1557 gis
1088 1449 1369 1529 eadem
1418 1450 1794 1556 sequetur
1860 1449 2314 1550 conclufi03
2389 1451 2542 1531 erit
2585 1451 2810 1530 enim
2857 1450 2992 1528 BL
3041 1449 3146 1530 ad
3191 1452 3356 1529 ΒΜ
3406 1473 3502 1531 ut
3547 1450 3690 1529 Bc

915 1586 1019 1665 ad
1066 1589 1369 1665 retstam
1416 1588 1823 1667 minorem
1860 1616 2112 1694 quam
2145 1592 2296 1668 AR
2333 1590 2556 1669 unde
2589 1610 2686 1669 ut
2729 1589 2821 1668 in
2855 1586 3154 1668 ultim&
3189 1589 3682 1696 praeceden-

912 1722 1137 1803 tibus
1182 1724 1557 1830 sequetur
1603 1724 2003 1805 conclusio
2049 1726 2370 1809 fortius·

930 1966 944 1980 .
1024 1861 1425 1943 Secundo.
1520 1862 1643 1941 Sit
1676 1863 1883 1944 ratio
1918 1864 2609 1944 incrementorum
2659 1864 2824 1964 BL,
2875 1864 3040 1943 ΒΜ
3077 1863 3389 1970 semper
3419 1862 3682 1969 major

911 1998 1223 2081 ratione
1259 2000 1339 2077 O
1382 1998 1485 2078 ad
1531 2003 1617 2099 P,
1666 1998 1824 2081 hoc
1873 2002 1983 2081 est
2028 2002 2342 2083 ratione
2387 2005 2520 2081 BC
2557 2003 2661 2082 ad
2707 2001 2868 2101 AQ
2896 2065 2919 2101 ‚
2993 2002 3129 2081 sed
3163 2028 3372 2107 quae
3407 2001 3684 2081 minor

911 2137 1221 2243 poterit,
1244 2135 1419 2216 fieri
1454 2138 1764 2217 ratione
1792 2164 2281 2246 quacunque
2315 2139 2506 2219 data
2541 2167 2746 2246 quae
2770 2139 3033 2245 major
3057 2141 3166 2218 est
3199 2138 3514 2219 ratione
3547 2140 3679 2219 Bc

912 2277 1018 2354 ad
1052 2274 1270 2388 AQ
1316 2274 1407 2353 in
1442 2274 1596 2356 hoc
1635 2276 1819 2355 casu
1855 2276 2062 2356 ratio
2100 2276 2580 2358 incrementi
2620 2276 3072 2385 restanguli
3103 2278 3252 2355 AC
3285 2278 3388 2355 ad
3427 2276 3678 2357 incre·

909 2434 1294 2493 mentum
1330 2412 1553 2518 quod
1598 2409 1839 2491 fimul
1874 2413 1969 2493 fit
2004 2413 2247 2518 ipfius
2284 2416 2448 2513 AF,
2503 2416 2754 2520 potest
2801 2416 2924 2493 vel
2965 2412 3248 2494 eadem
3285 2410 3434 2493 effe
3478 2414 3676 2493 rati-

907 2549 1053 2673 oni
1090 2550 1348 2629 reciae
1386 2548 1533 2662 Q
1572 2549 1677 2629 ad
1710 2549 1969 2657 ipsam
2007 2552 2177 2653 EA,
2216 2552 2344 2631 vel
2379 2552 2642 2657 major
2673 2554 2930 2658 potest
2963 2550 3114 2631 effe
3147 2551 3300 2631 hac
3333 2550 3678 2651 ratione,
3809 2622 3816 2627 .

913 2688 1041 2767 vel
1078 2685 1361 2767 eadem
1394 2687 1693 2769 minor.

1046 2825 1228 2904 Sint
1262 2825 1485 2903 enim
1509 2824 1675 2923 LB,
1716 2826 1881 2903 ΒΜ
1916 2825 2416 2907 incrementa
2449 2828 2796 2908 laterum
2833 2830 2996 2925 CB,
3035 2828 3183 2907 AB
3203 2824 3440 2905 fimul
3465 2820 3678 2905 fafla

912 2982 991 3041 et
1026 2983 1121 3041 ut
1155 2964 1292 3041 LB
1328 2962 1433 3040 ad
1468 2964 1663 3061 ΒΜ,
1702 2963 1817 3041 ita
1853 2961 1995 3041 fiat
2032 2964 2167 3042 BC
2202 2965 2308 3044 ad
2341 2968 2523 3067 AR,
2574 2988 2652 3048 et
2689 2967 3085 3073 quoniam
3119 2992 3215 3045 ex
3257 2960 3677 3079 hypothesi

908 3098 1121 3180 ratio
1155 3100 1291 3178 LB
1330 3099 1433 3177 ad
1478 3100 1643 3178 ΒΜ
1695 3098 1849 3179 hoc
1892 3102 2002 3179 est
2048 3103 2182 3180 BC

914 3236 1033 3315 ad‘
1064 3234 1215 3316 AR
1253 3234 1512 3341 major
1547 3238 1656 3316 est
1701 3237 2010 3317 ratione
2047 3240 2186 3319 BC

912 3374 1018 3453 ad
1037 3374 1257 3495 AQ
1282 3374 1431 3454 erit
1454 3374 1603 3455 AR
1630 3374 1905 3454 minor
1928 3402 2185 3482 quam

913 3510 1129 3625 AQ
1150 3511 1451 3611 Primo,
1488 3510 1585 3591 fit
1624 3512 1787 3590 ΒΜ
1825 3516 2184 3619 aequalis

915 3646 1063 3754 ipfi
1097 3644 1283 3761 Q,
1334 3647 1591 3755 igitur
1634 3648 1911 3729 addita
1950 3676 2180 3731 com-

914 3772 1155 3864 muni
1204 3782 1343 3866 RB
1393 3787 1543 3865 erit
1590 3788 1763 3865 RM
1824 3789 2179 3894 aequalis

920 3922 1099 4035 Q,
1142 3946 1219 4004 et
1254 3922 1461 4004 ratio
1508 3924 1680 4004 ΒΜ
1728 3926 1831 4003 ad
1870 3928 2013 4005 EA
2050 3952 2184 4005 ea·-

918 4060 1109 4140 dem
1142 4061 1296 4142 erit-
1338 4036 1643 4143 rationi·
1683 4060 1829 4175 Q
1868 4062 1970 4141 ad
2006 4066 2177 4165 EA,

914 4196 1072 4279 hoc
1144 4198 1255 4281 est
1319 4200 1527 4281 ratio
1594 4194 1828 4307 spatii
1894 4198 1971 4279 A
1995 4200 2062 4279 L
2090 4206 2179 4281 H

922 4337 1143 4443 quod
1179 4338 1773 4419 incrementum
1813 4336 1922 4417 est
1956 4339 2196 4445 ipfius
2233 4332 2405 4438 AC,
2457 4334 2562 4419 ad
2595 4338 2752 4421 AN
2789 4342 3387 4425 incrementum
3435 4346 3670 4453 ipfius

922 4476 1055 4554 AF
1099 4476 1381 4561 eadem
1430 4475 1581 4559 erit
1612 4476 1911 4559 rationi
1948 4462 2096 4593 Q3
2145 4476 2246 4563 ad
2298 4482 2470 4580 EA,
2521 4478 2676 4562 hoc
2725 4482 2844 4564 est·
2880 4484 3181 4568 rationi
3221 4482 3673 4598 ressanguli
