4109 5609
806 365 1660 537 ΒΚΑ-Ε
1790 407 2148 530 FA
2285 410 2406 532 T
2533 409 2592 530 1
2727 412 2882 532 O.

470 807 773 1020 DE
820 913 1401 994 Porifinatibus
1450 909 1691 1010 nihil,
1742 932 2053 1015 praeter
2099 939 2190 992 ea
2237 939 2443 1017 quae
2489 913 2806 1016 Pappus
2854 887 3226 1012 servavit,

470 1051 691 1156 apud
751 1052 1231 1131 Geometras
1291 1071 1593 1130 veteres
1652 1047 2093 1130 invenitur.
2228 1051 2330 1128 Et
2390 1049 2854 1128 Fermatius-
2901 1048 2991 1128 in
3050 1077 3223 1131 var.

469 1191 710 1295 Oper.
744 1189 1016 1271 Math.
1062 1215 1251 1296 pag.
1300 1214 1331 1266 1
1358 1185 1482 1268 16.
1532 1183 1821 1285 afferit,
1872 1186 2384 1268 Recentiores
2432 1215 2522 1266 ea
2567 1214 2670 1265 ne
2718 1188 2842 1265 vel
2865 1187 3227 1294 ‚nomine

468 1323 949 1434 cognoviffe,
974 1337 979 1342 ’
1005 1346 1147 1405 aut
1185 1324 1389 1431 quid
1424 1321 1667 1403 essent
1701 1323 2215 1404 solummodo
2249 1323 2682 1429 suspicatos
2717 1321 2974 1406 fuisse.
3079 1325 3220 1402 In·-
3313 1408 3318 1414 ,

464 1463 705 1544 venio
735 1482 1018 1544 tamen
1051 1485 1241 1542 ante
1274 1461 1771 1541 Fermatium
1806 1460 1907 1540 de
1940 1460 2041 1541 iis
2081 1461 2573 1567 explicandis
2599 1482 2677 1542 et
2711 1461 3218 1540 restituendis

466 1599 839 1708 cogitaffe
894 1601 1329 1678 Albertum
1391 1597 1874 1698 Girardum',
1940 1598 2117 1706 qui,
2179 1598 2270 1677 in
2330 1598 2988 1706 Trigonometria
3045 1597 3214 1699 sua,

464 1736 777 1818 Gallice
812 1737 1134 1843 scripta,
1202 1758 1279 1816 et
1313 1739 1602 1844 Hagae
1639 1735 2062 1814 Comitum
2097 1764 2316 1815 anno
2366 1736 2574 1845 1629
2614 1736 2854 1836 edita,
2920 1737 3096 1842 post
3129 1765 3219 1816 e·-

460 1896 927 1956 numeratas
980 1874 1286 1954 formas
1357 1871 1815 1982 figurarum
1880 1873 2480 1954 rectilinearum
2553 1901 2760 1980 quae
2833 1894 3211 1980 quatuor,

462 2011 857 2230 q‘uilnque,
898 2033 1043 2092 aut
1078 2011 1207 2228 selx
1245 2012 1493 2226 lattlefa
1526 2009 1861 2111 habent,
1900 2011 2098 2226 {alec
2135 2011 2392 2112 addit,
2437 2015 2494 2054 “
2534 2012 2648 2092 Le
2681 2032 2889 2111 tout,
2931 2010 3215 2118 quand
3265 2109 3268 2112 .

464 2155 487 2192 ‘
570 2149 587 2167 ⁰
662 2147 806 2256 n’y
842 2177 889 2228 a
924 2177 1087 2256 que
1180 2177 1335 2230 eux
1402 2147 1627 2255 ‘gnes
1668 2147 1813 2253 qui
1848 2175 1903 2254 p
2017 2169 2156 2228 ent
2202 2177 2349 2255 par
2393 2175 2512 2227 un
2559 2148 2822 2255 point,
2895 2157 3216 2229 comme

462 2291 518 2330 “
550 2285 773 2392 jadis
820 2286 1181 2394 estoyent
1215 2271 1329 2366 les
1363 2284 1749 2366 Porismes
1786 2283 2193 2385 d’Euclid,
2259 2286 2406 2393 qui
2451 2287 2632 2366 sont
2666 2271 2992 2392 perdus,
3063 2286 3212 2364 les-

462 2427 519 2466 “
568 2423 871 2530 quelles
894 2420 1225 2530 j’cspere
1259 2422 1361 2503 de
1392 2441 1681 2504 mettre
1716 2420 1910 2502 bien
1946 2423 2102 2502 tost
2135 2451 2237 2502 en
2263 2423 2628 2523 lumiere‚
2669 2426 2780 2504 les
2807 2445 3056 2532 ayant
3080 2451 3210 2504 re-

462 2562 519 2604 “
565 2559 851 2642 stituez
884 2560 949 2641 il
982 2589 1039 2668 y
1076 2591 1124 2641 a
1159 2562 1549 2668 quelques
1589 2563 1880 2641 annees
1918 2587 2020 2640 en
2057 2557 2230 2660 qass’
2316 2563 2419 2640 Et
2449 2561 2754 2660 rursus,
2793 2561 2883 2640 in
2918 2562 3210 2668 Operi-

456 2697 613 2778 bus
662 2697 1275 2780 Mathematicis
1320 2696 1675 2800 Simonis
1722 2696 2060 2796 Stevini,
2123 2724 2332 2802 quae
2377 2697 2802 2778 emendata
2849 2719 2930 2778 et
2973 2701 3210 2779 aucta

406 2853 421 2858 “
456 2833 710 2916 edidit
753 2835 1159 2918 Girardus
1205 2836 1475 2944 Lugd.
1510 2836 1791 2916 Bataxr.
1841 2861 2063 2914 anno
2107 2835 2344 2941 1634,
2409 2834 2838 2942 postquam
2883 2836 2974 2914 in
3019 2863 3206 2943 pag.

452 2999 511 3079 4
510 2997 645 3084 59.
706 2970 1019 3054 dixerat
1074 2971 1503 3064 Euclidem
1556 2999 1741 3052 raro
1800 2971 2256 3052 admodum
2309 2972 2552 3052 usum
2605 2969 2840 3052 fuisse
2897 2972 3210 3052 ratione

454 3107 921 3218 composita,
970 3108 1421 3220 subjungit,
1473 3111 1533 3152 ‘⁶
1568 3108 1785 3188 Mais
1832 3108 1894 3189 il
1942 3109 2053 3189 est
2101 3137 2150 3188 a
2193 3109 2510 3190 estimet
2542 3107 2745 3217 qu’il
2791 3137 2894 3190 en
2927 3137 2977 3190 a
3021 3109 3206 3218 plus

458 3250 515 3289 ‘⁶
563 3245 798 3330 escrit
832 3273 941 3328 en
970 3246 1087 3330 ses
1132 3247 1331 3328 trois
1378 3244 1617 3328 livres
1663 3246 1766 3327 de
1810 3245 2200 3327 Porifines
2237 3247 2384 3354 qui
2428 3246 2612 3328 sont
2653 3248 2982 3354 pei-dus,
3029 3247 3205 3327 ‘les-

459 3388 515 3428 “
562 3385 899 3490 quelles„
934 3384 1150 3480 Dieu
1182 3383 1495 3484 aidant,
1526 3380 1857 3490 j’espere
1889 3383 1995 3464 de
2024 3403 2316 3464 mettre
2353 3411 2454 3463 en
2490 3384 2856 3484 lumiere,
2907 3385 3016 3464 les
3052 3411 3204 3492 ay·-

456 3524 513 3564 “
562 3541 707 3602 ant
739 3521 1115 3604 inventez
1152 3521 1255 3603 de
1280 3518 1739 3604 nouveau.’'
1812 3523 1933 3602 Ex
1964 3521 2270 3628 quibus
2309 3542 2530 3628 patet
2563 3521 3044 3622 Girardum,
3073 3521 3202 3600 vi-

450 3683 643 3739 rum
676 3680 889 3740 certe
922 3658 1365 3742 matheseos
1398 3658 1627 3740 haud
1658 3657 2108 3768 vulgariter
2139 3659 2526 3764 peritum,
2574 3657 2880 3767 putasse
2925 3659 3002 3739 se
3047 3663 3202 3740 Po-

451 3793 779 3878 rifinata
810 3787 1271 3896 restituiffe3
1338 3822 1777 3904 nunquam
1808 3815 2088 3876 tamen
2123 3823 2332 3904 quae
2367 3795 2470 3875 de
2512 3796 2614 3878 iis
2659 3796 3072 3904 scripserat
3116 3825 3203 3878 e-

450 3931 624 4016 dita
655 3932 1021 4036 fiierunt,
1085 3957 1195 4035 et,
1254 3932 1346 4012 ni
1379 3933 1591 4015 forte
1634 3933 1725 4014 in
1769 3932 2270 4014 bibliotheca
2313 3933 2590 4042 aliqua
2631 3933 2722 4013 in
2755 3935 3204 4015 Hollandia

447 4069 944 4172 delitescant,
983 4099 1133 4179 pro
1168 4070 1603 4179 deperditis
1638 4070 1831 4152 sunt
1862 4071 2267 4156 habenda.
2337 4073 2458 4152 Ex
2481 4071 2749 4179 prima
2781 4093 3058 4152 autem
3091 4073 3202 4152 ci·
3263 4148 3278 4163 ,

450 4207 755 4290 tatione
787 4209 1112 4290 videtur
1144 4236 1337 4290 eum
1368 4207 1939 4318 propositiones
1976 4209 2371 4319 quasdam
2405 4209 2506 4292 de
2540 4209 2824 4319 figuris
2864 4208 3204 4316 quadri-

448 4343 748 4447 lateris,
776 4345 1147 4456 aliisque,
1184 4373 1627 4458 earumque
1660 4345 2224 4432 affectionibus
2261 4373 2410 4457 pro
2432 4347 3010 4429 Porismatibus
3045 4343 3196 4425 ha-

446 4479 731 4588 hume,
778 4505 859 4572 et
892 4506 1311 4598 propterea
1344 4513 1627 4572 eorum
1658 4507 2043 4572 naturam
2075 4513 2248 4570 non
2282 4483 2758 4601 cognoviffe.
