4109 5609
971 461 1020 516 2
1621 421 1806 512 D'E
1905 429 3079 512 LOGARITHMIS..

1870 703 2563 818 LEMMA
2699 703 2839 784 111.

974 931 1036 972 ‘⁰
1081 926 1188 1006 SI
1230 893 1400 1006 una
1443 923 1651 1004 ratio
1699 921 1957 1027 major
2000 920 2096 1000 fit
2144 921 2418 1019 altera,
2484 941 2831 1027 utraque
2876 949 3073 1001 vero.
3110 919 3206 1000 fit
3252 922 3588 1028 majoris
3636 924 3737 1002 ad

973 1069 1033 1109 “
1081 1063 1516 1161 minorem,
1557 1081 1640 1140 et
1673 1081 2030 1166 utraque
2051 1055 2493 1164 composita
2520 1055 2617 1136 fit
2652 1084 2747 1137 ex
2781 1058 3066 1138 eodem
3103 1086 3451 1140 numero
3486 1061 3741 1140 ratio-

976 1207 1035 1247 “
1085 1228 1293 1280 num
1329 1199 1540 1278 inter
1572 1197 1647 1275 se
1684 1197 2171 1294 earundem;
2245 1194 2395 1274 erit
2433 1222 2601 1275 una
2646 1222 2741 1274 ex
2786 1195 3241 1276 rationibus
3292 1225 3387 1275 ex
3436 1199 3751 1303 quibus

976 1344 1035 1383 “
1083 1336 1348 1442 major
1377 1335 1586 1416 ratio
1622 1333 2059 1440 compofita
2095 1334 2205 1412 est
2240 1331 2501 1438 major
2532 1331 2701 1413 una
2736 1331 2965 1412 exiis
3012 1360 3110 1412 ex
3151 1333 3457 1438 quibus
3506 1360 3734 1413 com-

976 1481 1034 1564 ‘‚‘
1085 1473 1336 1581 pofita
1369 1473 1482 1554 est
1514 1472 1826 1578 reliqu-a
1861 1472 2111 1568 ratio;
2186 1497 2384 1553 nam
2416 1467 2477 1548 fi
2512 1470 2799 1550 eadem
2832 1467 3017 1550 eflet
3050 1469 3243 1548 huic
3294 1471 3419 1551 vel
3468 1470 3739 1550 minor

978 1616 1046 1655 ‘⁴'
1083 1609 1288 1717 ipsa,
1339 1608 1600 1714 major
1635 1609 1854 1688 ratio
1877 1609 2161 1690 eadem
2194 1606 2385 1688 effet
2416 1607 2747 1706 minori,
2787 1606 2913 1687 vel
2949 1605 3131 1712 ipsi
3160 1607 3463 1706 minor,
3516 1608 3751 1714 quod

978 1753 1040 1794 “
1085 1748 1259 1831 fieri
1295 1773 1466 1828 non
1501 1743 1829 1852 potest?

1867 2019 2559 2100 LEMMA
2695 2018 2853 2098 IV.

981 2303 1040 2340 “
1087 2294 1388 2377 SINT·
1419 2293 1631 2373 duae
1673 2291 2325 2401 magnitudines,
2368 2317 2725 2396 quarum
2766 2293 2916 2372 AB
2950 2290 3231 2372 minor
3257 2311 3337 2372 et
3368 2291 3531 2372 AC·
3560 2319 3744 2372 ma-

983 2438 1040 2478 “
1077 2431 1240 2537 jor,
1292 2413 1545 2536 potest
1589 2430 1830 2510 series·
1869 2428 2247 2533 deinceps
2295 2428 3031 2535 proportionalium
3076 2456 3433 2534 quarum
3478 2429 3753 2536 prima

983 2573 1042 2612 “
1091 2569 1203 2647 est
1235 2569 1408 2668 AB,
1446 2587 1524 2648 et
1559 2566 1906 2647 secunda
1939 2567 2085 2646 AC
2121 2564 2591 2646 continuari
2618 2565 2735 2645 ita
2768 2586 2868 2648 ut⁴
2896 2591 3187 2647 earum
3226 2566 3531 2648 ultima
3560 2593 3743 2648 ma·

969 2709 1043 2780 .‘..‘
1079 2703 1215 2812 jor
1245 2702 1668 2812 fit-quavis
1707 2701 2280 2812 magnitudine
2315 2703 2511 2783 data
2536 2699 2769 2786 AD?

1115 2979 1507 3060 Sumatur
1539 2977 1674 3056 BE
1708 2949 2136 3083 multiplex
2170 2973 2411 3081 ipfius
2449 2976 2583 3055 BC
2621 3001 2831 3082 quae
2862 2975 3124 3082 majon
3154 2975 3251 3058 fit
3285 2979 3461 3079 BD,
3500 2999 3583 3060 et
3614 2978 3745 3085 ip-

978 3115 1088 3197 fis
1123 3118 1296 3216 AB,
1334 3117 1507 3214 AG,
1571 3111 1806 3193 tertia
1853 3112 2475 3219 proportionalis
2504 3111 2991 3194 inveniatur
3030 3116 3167 3193 AF
3214 3135 3293 3194 et
3336 3112 3524 3220 ipfis
3568 3117 3753 3216 AC

979 3257 1115 3334 AF
1147 3248 1622 3332 inveniatur
1646 3251 1890 3329 tertia
1917 3249 2566 3356 proportionalis,
2617 3269 2697 3330 et
2730 3249 2849 3378 ita
2879 3248 3287 3357 deinoePS‚
3326 3251 3589 3398 donec
3625 3274 3757 3333 tot

981 3391 1414 3472 sumantur
1483 3387 1840 3468 rationes
1905 3413 2283 3492 quarum
2342 3386 2611 3493 prima

971 3527 1100 3608 -est
1140 3529 1322 3608 AB·
1339 3525 1456 3607 ad
1495 3525 1668 3604 AG
1700 3543 1904 3630 (μοι’
1947 3523 2136 3602 sunt
2195 3545 2459 3630 partes
2520 3523 2623 3604 iu
2747 3565 2829 3642 A
2870 3565 3073 3644 BCF,
3513 3565 3745 3647 ΗΕΒ

980 3667 1128 3744 BE
1157 3661 1524 3769 aequales
1561 3659 1714 3766 ipfi
1741 3662 1928 3760 BC5.
1989 3658 2256 3766 fitque.
2280 3661 2441 3740 AG
2478 3661 2613 3740 ul·
2753 3747 2760 3752 ,

987 3801 1194 3882 tima
1227 3797 1996 3906 proportionalium
2077 3799 2189 3894 Et
2215 3795 2613 3904 quoniam

969 3940 1115 4018 ·CF
1171 3933 1528 4018 excessus
1564 3934 1842 4030 tertiae
1887 3957 1968 4034 et
2010 3934 2403 4035 seeum-ae
2447 3933 3071 4041 proportionalis
3116 3939 3389 4045 major
3424 3941 3541 4022 est
3582 3941 3757 4042 Bc„

979 4072 1294 4156 exceffu
1330 4071 1736 4172 secundae,
1755 4092 1836 4162 et
1879 4051 2218 4178 primae,
2268 4093 2349 4154 et
2392 4072 2517 4152 ita
2555 4071 2988 4180 deinceps-‚3
3061 4075 3215 4155 erit
3256 4079 3759 4185 magnitudo

989 4214 1167 4314 BG,
1185 4239 1394 4319 quae
1419 4209 1782 4290 continet
1807 4231 1926 4290 tot
1949 4208 2257 4296 harum.
2272 4209 3007 4316 proportionalium
3028 4209 3519 4294 differentias
3546 4238 3763 4323 quot

991 4352 1128 4432 BE
1163 4347 1524 4430 continet
1557 4367 1820 4452 partes
1857 4347 2228 4455 aequales
2264 4345 2409 4454 ipfi
2446 4349 2617 4448 BC,
2638 4347 2907 4454 major·
2932 4365 3191 4456 quam
3220 4351 3388 4451 BE,
3414 4371 3493 4432 et
3526 4355 3747 4434 mul-

995 4509 1079 4569 to
1115 4513 1368 4596 quam
1405 4485 1550 4564 BD
1583 4481 1873 4590 major.
