4109 5609
822 390 981 472 228
1136 388 1217 467 D
1276 388 1345 488 E
1412 387 2118 468 SECTIONE
2175 387 3234 548 DETERMINATA

820 610 1235 718 segmento
1267 606 1461 685 DF
1442 627 1655 686 mter
1700 606 1969 712 ipsum
2004 627 2085 687 et
2119 607 2523 711 pund’cum
2559 608 2618 715 F
2665 606 2780 684 ab
2819 633 2932 686 eo*
2955 603 3584 686 remotiffirmnn

822 765 903 826 ct
950 744 1141 824 data
1186 745 1405 823 re6’ca
1452 743 1675 822 EA
1655 771 1746 823 m
1792 743 1983 824 data
2026 743 2338 824 ratione
2385 743 2492 822 ad
2534 743 3112 855 rectangulum
3151 744 3346 844 BD,
3383 745 3575 843 DC,

823 881 1049 988 quod
1084 879 1223 960 fiet
1258 907 1409 986 ope
1443 882 1675 986 Prop.
1711 907 1849 990 49.

960 1160 1191 1238 PARS
1246 1183 1322 1262 3.
1404 1154 1782 1262 Denique
1826 1153 2120 1233 datum
2162 1150 2260 1234 fit
2303 1154 2874 1261 refiangulum
2920 1153 3092 1253 EA,
3141 1153 3298 1231 AD
3344 1149 3584 1232 fimul

826 1323 1023 1377 cum
1073 1322 1165 1374 eo
1212 1293 1319 1371 ad
1378 1293 1605 1398 quod
1650 1294 2222 1398 redtangulum
2268 1293 2456 1390 BD,
2506 1291 2667 1370 DC
2713 1291 2994 1371 datam
3037 1290 3286 1370 habet
3330 1291 3588 1371 ratio-

826 1460 1049 1530 nem,
1090 1451 1169 1509 et
1202 1430 1495 1508 datum
1526 1426 1621 1509 fit
1658 1429 1986 1535 aequale
2020 1429 2492 1536 red’tangulo
2529 1429 2699 1527 EA,
2736 1430 2900 1526 AF,
2951 1425 3202 1534 pofit&
3232 1429 3367 1506 AF
3401 1455 3590 1508 ver-

798 1567 959 1659 ,sus
997 1587 1260 1674 partes
1311 1567 1597 1671 pun6f1
1644 1567 1735 1647 C.
1840 1565 2104 1673 Igitur
2151 1565 2560 1671 quoniam.
2593 1566 3160 1674 restangulum
3207 1565 3378 1664 EA,
3427 1567 3588 1644 AD

824 1703 1065 1784 fimul
1100 1731 1295 1810 ¹cum
1330 1703 1498 1809 ipso
1537 1705 1706 1803 EA,
1745 1705 1882 1782 DF
1921 1703 2254 1808 aequale
2289 1701 2408 1780 est

829 1843 1025 1922 dato
1060 1842 1533 1948 ressangulo
1580 1841 1751 1940 EA,
1788 1839 1953 1940 AF,
1996 1839 2148 1918 erit
2193 1840 2406 1920 refi-
2542 1879 2610 1958 E
2645 1879 2710 1956 B
2843 1879 2922 1956 Α
3141 1879 3216 1958 C
3367 1881 3448 1958 D
3531 1881 3592 1962 F

828 1980 1235 2089 angulmn
1280 1980 1453 2078 EA,
1490 1980 1629 2058 DF
1667 1977 1757 2056 id
1793 1977 1899 2056 ad
1933 1975 2161 2084 quod
2193 1977 2407 2056 redt-
3319 1985 3342 1994 “
3531 2019 3534 2024 -

828 2118 1247 2224 angulum.
1266 2103 1449 2214 BD,
1478 2117 1625 2196 DC
1662 2115 1945 2194 datam
1976 2113 2233 2194 habet.
2256 2140 2394 2191 ra-

804 2255 1168 2336 ·tionem.
1262 2253 1495 2332 Datis
1534 2252 1787 2360 igitur
1820 2252 1913 2330 in
1944 2253 2160 2330 resta
2195 2249 2407 2329 linea
2441 2249 2704 2331 tribus
2740 2249 3066 2358 punffls
3103 2253 3199 2353 B,
3239 2253 3332 2353 C,
3361 2251 3474 2330 F
3454 2279 3592 2331 m·-

836 2391 1337 2470 veniendum
1374 2390 1483 2468 est
1518 2410 1907 2496 quartum
1933 2390 2011 2466 D
2047 2387 2262 2466 inter
2296 2387 2361 2466 C
2398 2407 2477 2467 et
2511 2389 2569 2466 F
2604 2389 2833 2493 quod
2876 2387 3119 2468 faciet
3154 2391 3622 2498 τεᾶαηὲυο

836 2530 1017 2608 lum
1076 2555 1121 2605 a
1168 2525 1577 2632 segmento
1624 2527 1703 2604 D
1721 2529 1776 2603 F
1834 2525 2047 2603 inter
2092 2523 2360 2629 ipsum
2417 2543 2498 2602 et
2557 2525 2962 2629 punQum
3019 2546 3486 2606 extremum·
3533 2531 3591 2605 F

837 2665 1061 2771 quod
1098 2690 1266 2742 non
1302 2663 1412 2742 est
1448 2661 1553 2740 ad
1587 2689 1717 2741 eas
1753 2681 2017 2767 partes
2052 2657 2298 2768 ipfius
2332 2662 2412 2739 D
2448 2658 2555 2738 ad
2592 2688 2794 2767 quas
2831 2661 2942 2740 est
2975 2667 3381 2766 pundhtm
3414 2691 3599 2744 me·-

835 2803 1073 2882 dium
1110 2801 1177 2878 C
1207 2821 1285 2879 et
1320 2801 1510 2878 data
1544 2799 1759 2878 reita
1796 2797 1993 2877 EA
1974 2825 2065 2876 m
2097 2798 2289 2876 data
2322 2796 2634 2876 ratione
2668 2797 2774 2878 ad
2807 2801 3380 2907 redhngulum
3417 2803 3592 2902 BD,

836 2941 983 3018 DC
1020 2967 1067 3018 a
1102 2937 1533 3044 segmentis
1571 2935 1783 3014 ‘mter
1815 2935 2086 3041 ipsum
2119 2954 2201 3013 et
2231 2933 2548 3042 reliqua
2582 2937 2888 3040 punfia
2923 2935 3143 3038 data,
3197 2937 3426 3046 quod
3457 2937 3604 3018 fiet

841 3104 991 3182 ope
1026 3078 1260 3179 Prop.
1294 3099 1435 3178 45.

836 3403 839 3406 ψ
1012 3348 1383 3428 PROP.
1422 3345 1843 3429 LXXVII.
1912 3346 2290 3430 PROB.
2337 3346 2484 3430 IV.
2557 3346 3302 3428 EPIT-“A-GMA
3351 3377 3430 3456 3.

848 3627 908 3667 ‘⁶
957 3623 1333 3702 DATIS
1378 3621 1470 3698 in
1516 3616 1991 3725 redtahlinea
2034 3619 2299 3700 tribus
2347 3619 2672 3727 punffls
2719 3621 2815 3721 B,
2857 3623 2951 3722 C,
2988 3623 3067 3702 A
3104 3645 3492 3729 quartum
3522 3625 3606 3702 D

850 3763 909 3802 “
959 3758 1323 3838 invenire
1370 3777 1589 3836 extra
1625 3757 1813 3836 data
1851 3759 2156 3863 punfia
2191 3757 2417 3863 quod
2461 3757 2703 3838 faciet
2736 3759 3307 3868 reC’cangqum
3341 3789 3392 3840 a
3425 3761 3606 3868 seg·-

845 3900 905 3939 “
955 3914 1235 3974 mento
1293 3896 1451 3973 DA
1510 3893 1721 3972 inter
1780 3893 2047 3999 ipsum
2093 3914 2173 3973 et
2218 3895 2623 3999 punitum
2663 3898 2743 3973 A
2800 3894 2946 4001 ipfi
3008 3897 3476 4002 proximum
3521 3917 3604 3977 et

849 4037 907 4076 ‘⁶
958 4032 1149 4113 data
1182 4033 1399 4111 refia
1432 4032 1575 4109 EA
1610 4029 1905 4135 majus,
1933 4051 2076 4110 aut
2109 4031 2388 4110 minus
2423 4033 2896 4140 restangulo
2930 4060 2978 4112 a
3010 4033 3442 4141 segmentis
3477 4033 3606 4112 in-

852 4173 913 4214 “
964 4190 1087 4250 ter
1130 4168 1400 4275 ipsum
1436 4189 1515 4250 et
1548 4168 1862 4274 reliqua
1897 4169 2201 4274 punita
2248 4167 2438 4248 data
2485 4169 2578 4268 B,
2609 4171 2676 4248 C
2721 4169 2940 4269 dato,
2983 4198 3238 4277 quam
3281 4170 3374 4250 in
3405 4169 3608 4250 rati-

857 4310 918 4392 .“
968 4333 1151 4406 one,
1198 4307 1327 4386 vel
1373 4305 1600 4412 quod
1646 4305 1887 4387 faciet
1932 4303 2503 4413 refiangulum
2543 4305 2752 4385 illud
2799 4307 3090 4386 datum
3130 4306 3370 4386 fimul
3417 4333 3610 4388 cum

862 4447 919 4547 ξ*
970 4470 1065 4526 eo
1101 4442 1207 4526 ad
1241 4443 1467 4556 quod
1500 4444 2070 4557 red'tangulum
2105 4443 2259 4526 hoc
2295 4443 2576 4526 datam
2609 4442 2858 4526 habet
2889 4442 3369 4552 ratiopemss’
