4109 5609
809 411 883 491 ii*-
1440 408 2895 491 PRAEFATIO..

807 628 1161 726 duntur,
1247 652 1598 732 quarum
1657 623 2373 705 demonstrationes
2434 626 2985 731 Apollonium
3025 653 3197 705 non
3251 624 3565 708 dediss‘e

807 762 1152 843 minime
1187 760 1810 842 existimandum
1847 760 1979 843 est.

941 898 1206 979 Hosce
1249 898 1663 1004 Apollonii
1713 898 1960 977 libros
2007 919 2343 977 conatus
2396 900 2505 978 est
2548 898 3136 980 Willebrordus
3196 899 3542 981 Snellius

805 1034 1212 1116 restituere
1256 1036 1346 1115 in
1395 1035 1832 1139 Apollonio
1887 1035 2028 1113 suo
2090 1036 2422 1134 Batavo,
2493 1062 2742 1143 quem
2785 1036 3053 1144 Lugd.
3104 1038 3295 1117 Bat..
3328 1064 3545 1117 anno

825 1198 852 1251 1
883 1172 1038 1253 608
1077 1172 1361 1271 edidit,
1401 1172 1490 1250 in
1529 1200 1694 1277 quo
1727 1172 1989 1249 multa
2026 1172 2361 1277 quidem
2396 1170 2826 1280 magnifiee
2859 1172 2963 1251 de
2990 1174 3066 1252 se
3087 1172 3369 1281 jada,
3410 1173 3545 1252 ni-

805 1308 927 1387 hil
974 1330 1248 1388 autem
1315 1308 1704 1413 praestitit
1769 1306 1994 1413 quod
2051 1306 2541 1388 immodicae
2609 1308 2735 1387 sui
2790 1306 3042 1413 ipsius
3092 1308 3547 1389 laudationi

807 1445 1225 1527 convenit.‘
1297 1445 1648 1523 Minime
1693 1442 1914 1523 enim
1949 1444 2363 1549 Apollonii
2410 1442 2905 1551 propositum
2938 1445 3031 1523 in
3062 1442 3279 1524 hisee
3313 1446 3543 1525 libris

806 1580 1200 1661 assecutus
1243 1580 1381 1680 est,
1432 1608 1628 1659 nam
1674 1581 1762 1659 in
1809 1602 2161 1686 quatuor
2205 1602 2533 1661 tantum
2576 1581 3077 1687 problemata
3116 1582 3545 1661 materiam

803 1718 1018 1798 hanc
1088 1718 1430 1825 partitus
1493 1718 1602 1797 est
1649 1745 1898 1823 quam
1948 1716 2036 1797 in
2082 1746 2377 1798 novem
2422 1717 2905 1823 Apollonius
2974 1716 3487 1798 distribuerat
3515 1752 3547 1817 ·,

805 1875 884 1935 et
919 1856 1296 1963 quamvis
1333 1855 1831 1960 problemata
1869 1853 1958 1933 in
1991 1854 2255 1934 varios
2292 1854 2515 1935 casus
2551 1854 2898 1955 dividat,
2928 1882 3187 1935 unam
3218 1876 3547 1935 tantum

803 1990 1574 2071 demonstrationem
1615 1991 1708 2069 in
1749 2016 2249 2097 unoquoque
2296 1991 2791 2096 problemate
2834 1990 3193 2074 adducit.
3260 1994 3547 2098 Neque

805 2128 1147 2207 eandem
1183 2152 1378 2208 cum
1421 2126 1856 2233 Apollonio
1901 2127 2517 2236 Epitagmatum
2560 2154 3002 2208 numerum
3044 2128 3333 2227 habet3
3396 2154 3573 2209 nec-

801 2263 1146 2365 mirum,
1186 2292 1378 2343 cum
1411 2292 1580 2345 non
1614 2263 2087 2343 intellexerit
2124 2264 2328 2369 quid
2370 2262 2527 2345 fint
2560 2265 3079 2373 epitagmata„
3118 2291 3327 2371 quae
3360 2265 3546 2371 qui-

803 2401 994 2479 dem
1018 2401 1284 2480 variae
1318 2400 1504 2479 sunt
1529 2398 2075 2505 dispositiones
2101 2428 2303 2505 quas
2330 2398 2627 2481 habere
2662 2402 3109 2507 requiritur
3141 2404 3547 2508 puntSium

803 2536 1392 2617 inveniendum
1425 2536 1735 2619 ratione
1781 2537 2277 2641 punfiorum
2312 2536 2733 2637 datorum3
2786 2538 2912 2617 vel
2948 2537 3244 2637 scilicet
3276 2560 3372 2619 ut
3406 2564 3547 2620 ea-

805 2672 946 2751 dat
991 2673 1204 2753 inter
1249 2673 1418 2753 duo
1465 2672 1796 2780 quaevis
1845 2700 1942 2753 ex
1989 2672 2313 2779 punstis
2362 2674 2605 2774 datis,
2674 2674 2803 2753 vel
2848 2696 3069 2754 extra
3114 2674 3393 2755 omnia
3438 2676 3547 2755 ad

805 2808 950 2889 has
998 2812 1128 2889 vel
1171 2809 1348 2891 illas
1397 2836 1679 2889 eorum
1725 2831 1986 2915 partes
2006 2844 2029 2908 3
2101 2811 2322 2890 unde
2380 2833 2461 2891 et
2502 2836 2809 2891 nomen
2861 2798 3247 2931 ingess-tirus
3288 2803 3541 2913 τᾳίἧς,

799 2946 1192 3027 Sestionis
1229 2946 1855 3047 Determinatae‚
1885 2946 2097 3046 hisce
2132 2947 2363 3027 libris
2392 2948 2753 3027 inditum
2788 2946 2925 3047 est,
2957 2969 3282 3053 propter
3301 2946 3547 3028 fitum

739 3110 750 3115 ·
801 3082 1100 3162 scilicet
1177 3082 1810 3161 determinatum
1875 3080 2034 3161 five
2100 3082 2535 3163 definitum
2618 3082 2868 3190 quem'
2936 3083 3231 3164 habere
3304 3086 3583 3165 debet.

802 3220 1205 3323 punfium
1265 3244 1427 3325 quo
1487 3220 1704 3299 resta
1759 3218 2157 3324 proposita
2216 3220 2551 3300 secanda
2610 3221 2747 3321 est,
2812 3242 2891 3299 et
2936 3242 3261 3327 propter
3302 3220 3547 3301 fitum
3610 3225 3617 3235 ’

802 3354 1436 3435 determinatum
1495 3358 1990 3461 punam-um
2035 3357 2251 3437 inter
2294 3383 2501 3463 quae
2548 3379 2627 3437 et
2669 3360 3074 3463 puncstum
3118 3358 3546 3473 invenien-

802 3490 1009 3571 dum
1031 3492 1292 3598 jacere
1325 3492 1624 3572 debent
1669 3494 1916 3573 latera
1960 3494 2619 3607 rediangulorum
2666 3516 2745 3573 et
2791 3493 3197 3601 quadrati,
3246 3495 3547 3601 spatio-

803 3652 996 3707 rum
1041 3629 1338 3708 scilicet
1395 3656 1598 3733 quae
1646 3628 1856 3709 inter
1912 3630 1992 3710 se
2037 3630 2317 3709 datam
2370 3632 2901 3737 requiruntur
2942 3630 3238 3713 habere
3294 3632 3546 3712 ratio-

801 3790 1038 3863 nem;
1087 3792 1284 3865 non,
1325 3785 1418 3847 ut
1463 3763 1732 3871 inepte
1779 3786 2011 3871 putat
2045 3768 2421 3869 Snellius,
2472 3794 2569 3847 ex
2612 3795 2705 3848 eo
2742 3769 2966 3875 quod
3003 3768 3192 3849 libri
3227 3768 3317 3849 hi
3353 3796 3547 3876 pro-

805 3900 1162 3981 blemata
1209 3900 1610 4007 quaedam
1671 3902 2093 3985 continent
2158 3931 2366 4009 quae
2432 3904 3142 3986 determinationes
3204 3906 3541 4007 habent,

804 4040 1031 4143 quod
1077 4060 1492 4145 propterea
1536 4060 1770 4119 vocat
1805 4039 2289 4145 adjunftum
2334 4040 2846 4141 levifflmum‚
2898 4070 2993 4123 ex
3038 4072 3205 4150 quo
3251 4044 3547 4123 scilicet

803 4174 1154 4255 somniat
1187 4175 1720 4282 Apollonium
1765 4205 2067 4257 nomen
2102 4178 2329 4259 libris
2368 4178 2529 4259 suis
2566 4178 2884 4262 dediffe.
2974 4179 3319 4259 Snellius
3354 4206 3547 4260 vero

805 4310 1114 4391 diversa
1145 4312 1345 4393 facit
1378 4313 1866 4421 epitagmata
1903 4315 2125 4395 casus
2162 4314 2553 4422 quosdam
2586 4316 2676 4395 in
2702 4314 3005 4423 quibus
3028 4344 3243 4397 unus
3278 4316 3544 4396 idem·
3580 4379 3586 4385 .

807 4476 966 4554 que
1001 4450 1112 4533 est
1153 4448 1344 4533 fitus
1391 4452 1678 4559 punffi
1722 4452 2221 4554 inveniendi,
2292 4474 2388 4534 ut
2432 4451 2521 4533 in
2568 4452 2917 4537 secundo
2964 4474 3043 4537 et
3086 4452 3323 4536 tertio
3368 4452 3543 4561 epi-
