4109 5609
958 388 1119 498 336
1578 387 1761 468 DE
1858 383 3068 476 PORISMATIBUS.

1962 606 2528 712 componetur
2561 605 2704 690 ita.

1097 743 1597 824 Producatm·
1628 743 1763 822 BC
1798 740 1905 820 ad
1936 744 2027 822 H
2061 761 2159 822 ut
2193 745 2562 851 aequales
2595 741 2750 824 fint
2785 745 2948 847 BC,
2979 749 3164 848 CH,
3192 767 3275 828 et
3307 745 3491 854 ipfis
3513 749 3710 850 AH,

963 884 1097 964 BC
1142 881 1378 963 tertia
1426 878 2045 987 proportionalis
2089 876 2558 961 inveniatur
2601 883 2738 961 BE
2785 907 2994 989 quae
3032 905 3391 990 ponatur
3433 887 3526 966 in
3569 890 3714 966 AB

961 1019 1381 1128 produaa.
1474 1016 1653 1098 Erit
1682 1018 1850 1096 AH
1882 1017 2102 1099 resta
2135 1016 2653 1118 invenienda,
2702 1047 2912 1126 quae
2941 1020 3164 1103 dieta
3196 1021 3362 1102 fuit
3397 1025 3483 1121 F,
3531 1045 3614 1104 et
3649 1025 3716 1102 E

954 1157 1115 1238 erit
1148 1157 1553 1264 pinufium
1586 1152 2202 1238 inveniendum.
2303 1155 2696 1236 Sumatur
2725 1155 2952 1238 enim
2993 1157 3205 1239 inter
3236 1160 3317 1237 A
3349 1180 3430 1239 et
3465 1159 3528 1237 B
3577 1181 3717 1238 ut·-

952 1321 1291 1402 cunque
1325 1293 1729 1400 pune’tum
1760 1292 1866 1374 D.
1960 1292 2067 1371 Et
2111 1291 2510 1397 quoniam
2549 1293 3122 1402 reelangulum
3163 1297 3361 1395 AH,
3399 1297 3534 1374 BE
3583 1324 3718 1375 ae-

962 1432 1203 1540 quale
1236 1432 1375 1532 est,
1426 1457 1523 1510 ex
1556 1427 2174 1528 construetione,
2225 1427 2626 1538 quadrato
2659 1455 2756 1510 ex
2788 1433 2964 1528 BC;
3028 1431 3140 1510 est
3173 1453 3460 1512 autem
3505 1435 3715 1514 re&-

959 1569 1369 1678 angulum
1413 1569 1610 1667 AH,
1660 1567 1807 1646 DB
1858 1591 1995 1644 ae-

962 1705 1207 1814 quale
1268 1697 1773 1812 (reetangulo
1820 1703 1993 1802 AB,
2135 1703 2218 1780 K
2305 1703 2386 1780 A
2517 1701 2602 1782 G
2671 1705 2752 1783 D
2967 1705 3174 1784 BLE
3219 1705 3318 1784 M
3343 1707 3410 1784 C
3523 1709 3604 1786 N
3629 1707 3719 1786 H

943 1845 1114 1923 BD
1146 1869 1317 1924 una
1352 1869 1549 1922 cum
1590 1839 1761 1947 ipso
1806 1841 1993 1938 ΗΒ,
2123 1837 3716 1888 ····-·⁴·····'···⁶'·········¹··‘·‘···⁴···¹····-'·-

947 1982 1143 2098 BD,
1193 1979 1349 2061 hoc
1398 1980 1536 2079 est,
1600 1977 1796 2086 quia
1841 1979 2000 2056 BH
2312 1972 2371 2050 F

872 2209 887 2224 ¹
952 2115 1223 2226 'dupla
1289 2115 1403 2198 est
1468 2111 1713 2222 ipsius
1786 2111 1998 2226 BC,)

954 2255 1443 2364 'tetstangulo
1496 2255 1671 2353 AB,
1720 2254 1865 2332 BD
1917 2279 2090 2332 una
2133 2277 2332 2332 cum
2375 2250 2547 2358 ipso
2590 2253 2766 2354 DB,
2797 2255 2928 2334 BC
2973 2253 3148 2353 bis;
3223 2254 3374 2333 erit
3419 2273 3717 2352 totum,

974 2392 1544 2506 reeiangulum
1587 2389 1883 2471 scilicet
1926 2391 2124 2489 AH,
2161 2389 2311 2469 DE
2357 2389 2690 2495 aequale
2739 2382 2951 2494 (toti,
2999 2391 3473 2498 reaestangulo
3509 2391 3723 2472 scili-

974 2550 1101 2612 cet
1143 2531 1316 2629 AB,
1366 2531 1542 2628 BD,
1591 2528 1845 2633 duplo
1888 2526 2358 2634 reeiangulo
2401 2528 2578 2624 DB,
2628 2527 2792 2626 BC,
2843 2550 2922 2608 et
2971 2528 3370 2634 quadrato
3417 2553 3512 2607 ex
3559 2531 3719 2626 BC,

952 2665 1132 2750 hoc
1170 2666 1281 2746 est
1324 2663 1796 2775 reetangulo
1839 2664 2024 2762 AD,
2075 2665 2260 2762 DB,
2303 2662 2720 2770 quadratis
2767 2692 2863 2744 ex
2905 2667 3081 2764 DB,
3133 2667 3296 2765 BC,
3345 2686 3425 2745 et
3469 2665 3722 2772 duplo

974 2804 1449 2910 reelangulo
1481 2804 1657 2903 DB,
1696 2802 1859 2899 BC,
1897 2799 2053 2880 hoc
2091 2798 2234 2910 est)
2273 2801 2744 2909 restangulo
2789 2803 2972 2902 AD,
3011 2803 3158 2880 DB
3195 2823 3284 2882 et
3330 2803 3728 2910 quadrato

956 2959 1077 3024 ‘ex
1106 2941 1281 3023 DC.
1432 3019 1437 3026 .

1116 3074 1487 3190 Qidam
1522 3073 1969 3156 existimare
2001 3072 2352 3180 pofl'unt,
2402 3072 2763 3182 analyfin
2807 3075 3134 3156 brevius
3171 3073 3484 3155 institui
3517 3073 3729 3182 poffe

980 3213 1373 3296 sumendo
1408 3215 1810 3319 punstum
1838 3213 1947 3312 D,
1984 3229 2156 3313 no'n
2187 3231 2637 3319 utcunque,
2675 3212 2807 3292 sed
2843 3211 2934 3292 in
2965 3212 3248 3318 aliquo
3281 3239 3377 3293 ex
3407 3214 3732 3320 punstis

978 3338 1237 3450 dat-183
1289 3371 1370 3431 et
1400 3349 1557 3432 hoc
1593 3349 1843 3430 modo
1876 3345 2222 3457 analyfis
2255 3347 2372 3430 ita
2404 3345 2580 3429 fieri
2615 3351 2870 3454 potest
2902 3371 2996 3428 ut
3029 3349 3418 3456 sequitur.

1115 3493 1319 3570 Puta
1355 3486 1707 3577 Porisma
1740 3511 2029 3565 verum
2065 3483 2242 3586 effe,
2269 3481 2528 3592 fitque
2551 3486 2619 3566 E
2643 3487 3046 3592 pund’tum
3071 3507 3150 3566 et
3183 3489 3242 3565 F
3273 3489 3490 3568 reeia
3525 3513 3734 3592 quae

980 3625 1471 3708 invenienda
1507 3625 1719 3704 sunt.
1792 3622 2055 3730 Igitur
2089 3621 2180 3702 in
2215 3622 2400 3703 casu
2433 3622 2526 3702 in
2561 3651 2732 3730 quo
2763 3625 3170 3728 punstum·
3199 3625 3278 3702 D
3314 3623 3608 3702 incidit
3643 3623 3733 3700 in

983 3763 1256 3870 ipsum
1288 3763 1396 3861 A,
1436 3758 1831 3866 quoniam
1866 3753 2196 3840 nullum
2229 3759 2340 3840 est
2373 3760 2940 3868 refixangulum
2973 3789 3020 3840 a
3053 3759 3488 3868 segmentis
3521 3758 3734 3838 inter

984 3903 1094 4000 D,
1141 3895 1301 3979 five
1331 3900 1437 3998 A,
1488 3917 1568 3978 et
1600 3897 1905 4004 punQa
1934 3896 2042 3997 A,
2081 3898 2146 3976 B
2191 3916 2699 3997 contentum,
2747 3893 3137 4004 sequitur,
3187 3897 3284 3977 ex'
3313 3892 3735 4004 hypothesi

984 4037 1479 4136 Porifinatis,
1524 4033 2094 4142 restangulum
2127 4036 2215 4134 F,
2241 4035 2419 4134 DE,
2465 4029 2626 4114 five
2657 4034 2744 4134 F,
2769 4034 2918 4114 ΑΕ
2951 4035 3282 4141 aequale
3315 4031 3490 4114 fore
3524 4061 3736 4140 qua-

986 4175 1221 4256 drato
1256 4203 1352 4255 ex
1383 4175 1551 4255 AC.
1622 4170 1929 4252 Rursus
1966 4191 2320 4277 ponatur
2353 4173 2783 4278 punaum,
2823 4171 3049 4279 quod
3083 4169 3248 4252 fuit
3271 4170 3354 4250 G
3379 4169 3472 4250 in
3505 4195 3740 4277 prae-

990 4311 1321 4394 cedente
1366 4305 1693 4417 analyfi,
1742 4306 2096 4388 incidere
2139 4308 2234 4387 in
2277 4308 2548 4414 ipsum
2591 4307 2687 4409 B,
2750 4329 2830 4389 et
2875 4308 3272 4414 quoniam
3319 4329 3399 4388 et
3444 4307 3536 4386 in
3581 4307 3734 4388 hoc

993 4447 1539 4532 casu-nullum
1574 4447 1684 4529 est
1714 4444 2284 4554 ree’tangulum
2307 4443 2498 4546 AG,
2528 4443 2710 4545 GB,
2737 4441 3128 4547 fimiliter,
3157 4471 3254 4525 ex
3285 4441 3732 4554 hypothesi,
