<?xml version="1.0" encoding="UTF-8"?>
<!DOCTYPE html PUBLIC "-//W3C//DTD XHTML 1.0 Transitional//EN"
    "http://www.w3.org/TR/xhtml1/DTD/xhtml1-transitional.dtd">
<html xmlns="http://www.w3.org/1999/xhtml" xml:lang="en" lang="en">
 <head>
  <title>
</title>
<meta http-equiv="Content-Type" content="text/html;charset=utf-8" />
  <meta name='ocr-system' content='tesseract 3.04.00' />
  <meta name='ocr-capabilities' content='ocr_page ocr_carea ocr_par ocr_line ocrx_word'/>
</head>
<body>
  <div class='ocr_page' id='page_1' title='image "./robertisimsonmd00unkngoog_0024.png"; bbox 0 0 4109 5609; ppageno 0'>
   <div class='ocr_carea' id='block_1_1' title="bbox 881 341 2964 490">
    <p class='ocr_par' dir='ltr' id='par_1_1' title="bbox 881 341 2964 490">
     <span class='ocr_line' id='line_1_1' title="bbox 881 341 2964 490; baseline 0 0"><span class='ocrx_word' id='word_1_1' title='bbox 881 410 968 490; x_wconf 66' lang='lat' dir='ltr'>iv</span> <span class='ocrx_word' id='word_1_2' title='bbox 1521 341 2964 490; x_wconf 35' lang='lat' dir='ltr'><strong>PRAEFATI&#39;O.</strong></span> 
     </span>
    </p>
   </div>
   <div class='ocr_carea' id='block_1_2' title="bbox 879 622 3785 732">
    <p class='ocr_par' dir='ltr' id='par_1_2' title="bbox 879 622 3785 732">
     <span class='ocr_line' id='line_1_2' title="bbox 879 622 3785 732; baseline -0.001 -27"><span class='ocrx_word' id='word_1_3' title='bbox 879 626 1074 709; x_wconf 75' lang='lat' dir='ltr'>Lib.</span> <span class='ocrx_word' id='word_1_4' title='bbox 1109 622 1195 709; x_wconf 85' lang='lat'>6..</span> <span class='ocrx_word' id='word_1_5' title='bbox 1235 625 1492 711; x_wconf 82' lang='lat' dir='ltr'>Elem.</span> <span class='ocrx_word' id='word_1_6' title='bbox 1541 624 1932 723; x_wconf 83' lang='lat' dir='ltr'>Euclidis‚</span> <span class='ocrx_word' id='word_1_7' title='bbox 1996 624 2299 729; x_wconf 89' lang='lat' dir='ltr'>quibus</span> <span class='ocrx_word' id='word_1_8' title='bbox 2346 624 2641 705; x_wconf 87' lang='lat' dir='ltr'>scilicet</span> <span class='ocrx_word' id='word_1_9' title='bbox 2682 624 3127 732; x_wconf 87' lang='lat' dir='ltr'>requiritur</span> <span class='ocrx_word' id='word_1_10' title='bbox 3182 626 3289 704; x_wconf 88' lang='lat' dir='ltr'>ad·</span> <span class='ocrx_word' id='word_1_11' title='bbox 3342 628 3625 709; x_wconf 81' lang='lat' dir='ltr'>datam</span> <span class='ocrx_word' id='word_1_12' title='bbox 3777 695 3785 703; x_wconf 85' lang='lat'>.</span> 
     </span>
    </p>
   </div>
   <div class='ocr_carea' id='block_1_3' title="bbox 821 759 3643 4557">
    <p class='ocr_par' dir='ltr' id='par_1_3' title="bbox 873 759 3643 4117">
     <span class='ocr_line' id='line_1_3' title="bbox 878 759 3622 869; baseline 0 -27"><span class='ocrx_word' id='word_1_13' title='bbox 878 764 1184 842; x_wconf 68' lang='lat' dir='ltr'>recstam</span> <span class='ocrx_word' id='word_1_14' title='bbox 1230 762 1528 841; x_wconf 88' lang='lat' dir='ltr'>lineam</span> <span class='ocrx_word' id='word_1_15' title='bbox 1567 760 1964 865; x_wconf 86' lang='lat' dir='ltr'>applicare</span> <span class='ocrx_word' id='word_1_16' title='bbox 1997 762 2565 869; x_wconf 63' lang='lat' dir='ltr'>refiangulum</span> <span class='ocrx_word' id='word_1_17' title='bbox 2600 761 2791 841; x_wconf 89' lang='lat' dir='ltr'>dato</span> <span class='ocrx_word' id='word_1_18' title='bbox 2824 759 3077 865; x_wconf 71' lang='lat' dir='ltr'>spatio</span> <span class='ocrx_word' id='word_1_19' title='bbox 3113 764 3443 869; x_wconf 83' lang='lat' dir='ltr'>aequale</span> <span class='ocrx_word' id='word_1_20' title='bbox 3476 764 3622 842; x_wconf 82' lang='lat' dir='ltr'>de-</span> 
     </span>
     <span class='ocr_line' id='line_1_4' title="bbox 877 896 3621 1003; baseline 0.001 -26"><span class='ocrx_word' id='word_1_21' title='bbox 877 898 1186 998; x_wconf 89' lang='lat' dir='ltr'>ficiens,</span> <span class='ocrx_word' id='word_1_22' title='bbox 1237 919 1378 978; x_wconf 90' lang='lat' dir='ltr'>aut</span> <span class='ocrx_word' id='word_1_23' title='bbox 1413 898 1792 977; x_wconf 86' lang='lat' dir='ltr'>excedens</span> <span class='ocrx_word' id='word_1_24' title='bbox 1830 896 2253 1003; x_wconf 78' lang='lat' dir='ltr'>quadrato,</span> <span class='ocrx_word' id='word_1_25' title='bbox 2356 900 2479 976; x_wconf 88' lang='lat' dir='ltr'>De</span> <span class='ocrx_word' id='word_1_26' title='bbox 2512 896 2725 977; x_wconf 78' lang='lat' dir='ltr'>hisce</span> <span class='ocrx_word' id='word_1_27' title='bbox 2760 918 3033 976; x_wconf 84' lang='lat' dir='ltr'>autem</span> <span class='ocrx_word' id='word_1_28' title='bbox 3068 898 3621 979; x_wconf 78' lang='lat' dir='ltr'>construendis</span> 
     </span>
     <span class='ocr_line' id='line_1_5' title="bbox 879 1032 3621 1149; baseline -0 -34"><span class='ocrx_word' id='word_1_29' title='bbox 879 1060 1314 1142; x_wconf 86' lang='lat' dir='ltr'>nunquam</span> <span class='ocrx_word' id='word_1_30' title='bbox 1371 1034 1760 1149; x_wconf 80' lang='lat' dir='ltr'>cogitavit</span> <span class='ocrx_word' id='word_1_31' title='bbox 1818 1032 2331 1138; x_wconf 69' lang='lat' dir='ltr'>Apollonius,</span> <span class='ocrx_word' id='word_1_32' title='bbox 2404 1033 2545 1112; x_wconf 81' lang='lat' dir='ltr'>sed.</span> <span class='ocrx_word' id='word_1_33' title='bbox 2596 1054 3001 1140; x_wconf 83' lang='lat' dir='ltr'>tanquam</span> <span class='ocrx_word' id='word_1_34' title='bbox 3054 1062 3159 1114; x_wconf 73' lang='lat' dir='ltr'>ex.</span> <span class='ocrx_word' id='word_1_35' title='bbox 3206 1036 3621 1115; x_wconf 81' lang='lat' dir='ltr'>elementis</span> 
     </span>
     <span class='ocr_line' id='line_1_6' title="bbox 878 1167 3623 1275; baseline -0.001 -22"><span class='ocrx_word' id='word_1_36' title='bbox 878 1194 1113 1253; x_wconf 87' lang='lat' dir='ltr'>notas</span> <span class='ocrx_word' id='word_1_37' title='bbox 1164 1172 1795 1253; x_wconf 61' lang='lat' dir='ltr'>construetiones</span> <span class='ocrx_word' id='word_1_38' title='bbox 1850 1169 1996 1249; x_wconf 91' lang='lat' dir='ltr'>has</span> <span class='ocrx_word' id='word_1_39' title='bbox 2057 1168 2368 1274; x_wconf 81' lang='lat' dir='ltr'>ubique</span> <span class='ocrx_word' id='word_1_40' title='bbox 2414 1167 2881 1275; x_wconf 79' lang='lat' dir='ltr'>affumpfit3.</span> <span class='ocrx_word' id='word_1_41' title='bbox 2944 1190 3039 1249; x_wconf 82' lang='lat' dir='ltr'>ut</span> <span class='ocrx_word' id='word_1_42' title='bbox 3098 1170 3623 1250; x_wconf 78' lang='lat' dir='ltr'>manifestum</span> 
     </span>
     <span class='ocr_line' id='line_1_7' title="bbox 882 1281 3623 1409; baseline -0.001 -19"><span class='ocrx_word' id='word_1_43' title='bbox 882 1312 992 1390; x_wconf 89' lang='lat' dir='ltr'>est</span> <span class='ocrx_word' id='word_1_44' title='bbox 1043 1310 1134 1389; x_wconf 90' lang='lat' dir='ltr'>in</span> <span class='ocrx_word' id='word_1_45' title='bbox 1181 1281 1464 1387; x_wconf 58' lang='lat' dir='ltr'>inultis</span> <span class='ocrx_word' id='word_1_46' title='bbox 1526 1306 1720 1387; x_wconf 89' lang='lat' dir='ltr'>locis</span> <span class='ocrx_word' id='word_1_47' title='bbox 1768 1306 2175 1387; x_wconf 80' lang='lat' dir='ltr'>librorum.</span> <span class='ocrx_word' id='word_1_48' title='bbox 2214 1305 2381 1409; x_wconf 88' lang='lat' dir='ltr'>ejus</span> <span class='ocrx_word' id='word_1_49' title='bbox 2432 1307 2532 1386; x_wconf 89' lang='lat' dir='ltr'>de</span> <span class='ocrx_word' id='word_1_50' title='bbox 2579 1306 2923 1387; x_wconf 71' lang='lat' dir='ltr'>seffione</span> <span class='ocrx_word' id='word_1_51' title='bbox 2973 1307 3335 1390; x_wconf 62' lang='lat' dir='ltr'>rationis.</span> <span class='ocrx_word' id='word_1_52' title='bbox 3440 1311 3623 1387; x_wconf 84' lang='lat' dir='ltr'>Hae</span> 
     </span>
     <span class='ocr_line' id='line_1_8' title="bbox 879 1442 3622 1552; baseline -0.001 -25"><span class='ocrx_word' id='word_1_53' title='bbox 879 1467 1158 1527; x_wconf 84' lang='lat' dir='ltr'>autem</span> <span class='ocrx_word' id='word_1_54' title='bbox 1203 1444 1482 1524; x_wconf 90' lang='lat' dir='ltr'>Snellii</span> <span class='ocrx_word' id='word_1_55' title='bbox 1528 1443 2163 1523; x_wconf 64' lang='lat' dir='ltr'>construetiones</span> <span class='ocrx_word' id='word_1_56' title='bbox 2203 1442 2800 1548; x_wconf 64' lang='lat' dir='ltr'>praedi&amp;orum</span> <span class='ocrx_word' id='word_1_57' title='bbox 2846 1443 3178 1523; x_wconf 88' lang='lat' dir='ltr'>casuum</span> <span class='ocrx_word' id='word_1_58' title='bbox 3226 1444 3622 1552; x_wconf 88' lang='lat' dir='ltr'>elegantes</span> 
     </span>
     <span class='ocr_line' id='line_1_9' title="bbox 883 1578 3625 1690; baseline -0.001 -28"><span class='ocrx_word' id='word_1_59' title='bbox 883 1583 1221 1690; x_wconf 89' lang='lat' dir='ltr'>quidem</span> <span class='ocrx_word' id='word_1_60' title='bbox 1280 1582 1496 1680; x_wconf 89' lang='lat' dir='ltr'>sunt,</span> <span class='ocrx_word' id='word_1_61' title='bbox 1561 1600 1650 1659; x_wconf 80' lang='lat' dir='ltr'>et</span> <span class='ocrx_word' id='word_1_62' title='bbox 1685 1607 1828 1659; x_wconf 87' lang='lat' dir='ltr'>eae</span> <span class='ocrx_word' id='word_1_63' title='bbox 1875 1578 2089 1683; x_wconf 68' lang='lat' dir='ltr'>ipffie</span> <span class='ocrx_word' id='word_1_64' title='bbox 2136 1606 2336 1683; x_wconf 79' lang='lat' dir='ltr'>quas</span> <span class='ocrx_word' id='word_1_65' title='bbox 2388 1580 2651 1684; x_wconf 85' lang='lat' dir='ltr'>postea</span> <span class='ocrx_word' id='word_1_66' title='bbox 2696 1580 3034 1660; x_wconf 74' lang='lat' dir='ltr'>tradidit</span> <span class='ocrx_word' id='word_1_67' title='bbox 3080 1579 3361 1663; x_wconf 65' lang='lat' dir='ltr'>dar-issi</span> <span class='ocrx_word' id='word_1_68' title='bbox 3414 1583 3625 1660; x_wconf 78' lang='lat' dir='ltr'>Har-</span> 
     </span>
     <span class='ocr_line' id='line_1_10' title="bbox 881 1716 3624 1820; baseline -0.001 -21"><span class='ocrx_word' id='word_1_69' title='bbox 881 1719 1083 1799; x_wconf 86' lang='lat' dir='ltr'>leius</span> <span class='ocrx_word' id='word_1_70' title='bbox 1145 1718 1234 1797; x_wconf 90' lang='lat' dir='ltr'>in</span> <span class='ocrx_word' id='word_1_71' title='bbox 1292 1717 1614 1797; x_wconf 84' lang='lat' dir='ltr'>Scholio</span> <span class='ocrx_word' id='word_1_72' title='bbox 1663 1716 1766 1795; x_wconf 92' lang='lat' dir='ltr'>ad</span> <span class='ocrx_word' id='word_1_73' title='bbox 1815 1718 2044 1820; x_wconf 86' lang='lat' dir='ltr'>Prop.</span> <span class='ocrx_word' id='word_1_74' title='bbox 2098 1717 2219 1797; x_wconf 91' lang='lat'>18.</span> <span class='ocrx_word' id='word_1_75' title='bbox 2267 1716 2454 1798; x_wconf 89' lang='lat' dir='ltr'><strong>Lib.</strong></span> <span class='ocrx_word' id='word_1_76' title='bbox 2496 1718 2571 1797; x_wconf 79' lang='lat'>8.</span> <span class='ocrx_word' id='word_1_77' title='bbox 2618 1716 3085 1797; x_wconf 70' lang='lat' dir='ltr'>Seffionum</span> <span class='ocrx_word' id='word_1_78' title='bbox 3133 1718 3624 1797; x_wconf 73' lang='lat' dir='ltr'>C‘o&#39;nicarum</span> 
     </span>
     <span class='ocr_line' id='line_1_11' title="bbox 880 1838 3627 1963; baseline -0 -27"><span class='ocrx_word' id='word_1_79' title='bbox 880 1854 1324 1963; x_wconf 79' lang='lat' dir='ltr'>Apollonii,</span> <span class='ocrx_word' id='word_1_80' title='bbox 1377 1854 1488 1931; x_wconf 86' lang='lat' dir='ltr'>ab</span> <span class='ocrx_word' id='word_1_81' title='bbox 1527 1853 1700 1958; x_wconf 88' lang='lat' dir='ltr'>ipso</span> <span class='ocrx_word' id='word_1_82' title='bbox 1750 1850 2122 1950; x_wconf 87' lang='lat' dir='ltr'>restituti,</span> <span class='ocrx_word' id='word_1_83' title='bbox 2173 1878 2420 1957; x_wconf 88' lang='lat' dir='ltr'>quem</span> <span class='ocrx_word' id='word_1_84' title='bbox 2470 1850 2891 1932; x_wconf 85' lang='lat' dir='ltr'>verifimile</span> <span class='ocrx_word' id='word_1_85' title='bbox 2927 1854 3036 1932; x_wconf 91' lang='lat' dir='ltr'>est</span> <span class='ocrx_word' id='word_1_86' title='bbox 3070 1882 3215 1933; x_wconf 48' lang='lat' dir='ltr'>eas»</span> <span class='ocrx_word' id='word_1_87' title='bbox 3238 1882 3285 1931; x_wconf 89' lang='lat' dir='ltr'>a</span> <span class='ocrx_word' id='word_1_88' title='bbox 3328 1838 3627 1935; x_wconf 85' lang='lat' dir='ltr'>Snellio</span> 
     </span>
     <span class='ocr_line' id='line_1_12' title="bbox 881 1986 3643 2098; baseline -0.001 -27"><span class='ocrx_word' id='word_1_89' title='bbox 881 1993 1109 2098; x_wconf 86' lang='lat' dir='ltr'>prius</span> <span class='ocrx_word' id='word_1_90' title='bbox 1143 1992 1566 2093; x_wconf 85' lang='lat' dir='ltr'>usurpatas</span> <span class='ocrx_word' id='word_1_91' title='bbox 1599 1986 1830 2068; x_wconf 75' lang='lat' dir='ltr'>fuiffie</span> <span class='ocrx_word' id='word_1_92' title='bbox 1866 2014 2034 2067; x_wconf 90' lang='lat' dir='ltr'>non</span> <span class='ocrx_word' id='word_1_93' title='bbox 2071 1986 2547 2093; x_wconf 78' lang='lat' dir='ltr'>cognoviffe.</span> <span class='ocrx_word' id='word_1_94' title='bbox 2618 1988 2865 2067; x_wconf 92' lang='lat' dir='ltr'>Nullo</span> <span class='ocrx_word' id='word_1_95' title='bbox 2902 2009 3174 2068; x_wconf 89' lang='lat' dir='ltr'>autem</span> <span class='ocrx_word' id='word_1_96' title='bbox 3208 1990 3643 2069; x_wconf 50' lang='lat' dir='ltr'>modo-in*-o</span> 
     </span>
     <span class='ocr_line' id='line_1_13' title="bbox 885 2124 3625 2229; baseline -0.001 -22"><span class='ocrx_word' id='word_1_97' title='bbox 885 2128 1241 2207; x_wconf 83' lang='lat' dir='ltr'>serviunt</span> <span class='ocrx_word' id='word_1_98' title='bbox 1286 2124 1666 2205; x_wconf 86' lang='lat' dir='ltr'>solutioni</span> <span class='ocrx_word' id='word_1_99' title='bbox 1715 2125 2313 2229; x_wconf 84' lang='lat' dir='ltr'>problematum</span> <span class='ocrx_word' id='word_1_100' title='bbox 2360 2125 2459 2203; x_wconf 91' lang='lat' dir='ltr'>de</span> <span class='ocrx_word' id='word_1_101' title='bbox 2502 2124 2867 2204; x_wconf 60' lang='lat' dir='ltr'>sectione</span> <span class='ocrx_word' id='word_1_102' title='bbox 2901 2126 3458 2205; x_wconf 85' lang='lat' dir='ltr'>Determinata</span> <span class='ocrx_word' id='word_1_103' title='bbox 3492 2128 3625 2206; x_wconf 83' lang='lat' dir='ltr'>ul-</span> 
     </span>
     <span class='ocr_line' id='line_1_14' title="bbox 887 2260 3629 2369; baseline -0 -25"><span class='ocrx_word' id='word_1_104' title='bbox 887 2286 1012 2345; x_wconf 83' lang='lat' dir='ltr'>tra</span> <span class='ocrx_word' id='word_1_105' title='bbox 1073 2262 1751 2343; x_wconf 66' lang='lat' dir='ltr'>construstionem</span> <span class='ocrx_word' id='word_1_106' title='bbox 1821 2260 2423 2367; x_wconf 65' lang='lat' dir='ltr'>praedielorum</span> <span class='ocrx_word' id='word_1_107' title='bbox 2490 2262 2850 2343; x_wconf 77' lang='lat' dir='ltr'>casuum.</span> <span class='ocrx_word' id='word_1_108' title='bbox 2942 2262 3317 2369; x_wconf 87' lang='lat' dir='ltr'>Denique</span> <span class='ocrx_word' id='word_1_109' title='bbox 3348 2264 3629 2343; x_wconf 82' lang='lat' dir='ltr'>omnia</span> 
     </span>
     <span class='ocr_line' id='line_1_15' title="bbox 889 2397 3631 2507; baseline 0.001 -28"><span class='ocrx_word' id='word_1_110' title='bbox 889 2428 1098 2507; x_wconf 87' lang='lat' dir='ltr'>quae</span> <span class='ocrx_word' id='word_1_111' title='bbox 1135 2429 1190 2478; x_wconf 78' lang='lat' dir='ltr'>a.</span> <span class='ocrx_word' id='word_1_112' title='bbox 1221 2398 1520 2477; x_wconf 85' lang='lat' dir='ltr'>Snellio</span> <span class='ocrx_word' id='word_1_113' title='bbox 1564 2399 1653 2475; x_wconf 89' lang='lat' dir='ltr'>in</span> <span class='ocrx_word' id='word_1_114' title='bbox 1701 2397 1858 2476; x_wconf 86' lang='lat' dir='ltr'>hoc</span> <span class='ocrx_word' id='word_1_115' title='bbox 1903 2397 2129 2475; x_wconf 85' lang='lat' dir='ltr'>libro·</span> <span class='ocrx_word' id='word_1_116' title='bbox 2161 2397 2623 2496; x_wconf 88' lang='lat' dir='ltr'>traduntur,</span> <span class='ocrx_word' id='word_1_117' title='bbox 2684 2399 2899 2478; x_wconf 80' lang='lat' dir='ltr'>adeo.</span> <span class='ocrx_word' id='word_1_118' title='bbox 2934 2397 3300 2479; x_wconf 69' lang='lat' dir='ltr'>affeetata</span> <span class='ocrx_word' id='word_1_119' title='bbox 3346 2399 3631 2481; x_wconf 80' lang='lat' dir='ltr'>brevi-</span> 
     </span>
     <span class='ocr_line' id='line_1_16' title="bbox 891 2532 3633 2632; baseline 0.001 -16"><span class='ocrx_word' id='word_1_120' title='bbox 891 2558 1053 2617; x_wconf 91' lang='lat' dir='ltr'>tate</span> <span class='ocrx_word' id='word_1_121' title='bbox 1099 2556 1176 2614; x_wconf 92' lang='lat' dir='ltr'>et</span> <span class='ocrx_word' id='word_1_122' title='bbox 1223 2533 1704 2613; x_wconf 82' lang='lat' dir='ltr'>obscuritate</span> <span class='ocrx_word' id='word_1_123' title='bbox 1752 2532 2105 2626; x_wconf 60' lang='lat' dir='ltr'>maxime</span> <span class='ocrx_word' id='word_1_124' title='bbox 2154 2534 2553 2632; x_wconf 86' lang='lat' dir='ltr'>laborant,</span> <span class='ocrx_word' id='word_1_125' title='bbox 2614 2554 2714 2613; x_wconf 87' lang='lat' dir='ltr'>ut</span> <span class='ocrx_word' id='word_1_126' title='bbox 2756 2535 3071 2615; x_wconf 81' lang='lat' dir='ltr'>nullius·</span> <span class='ocrx_word' id='word_1_127' title='bbox 3104 2534 3265 2615; x_wconf 83' lang='lat' dir='ltr'>fint</span> <span class='ocrx_word' id='word_1_128' title='bbox 3302 2534 3503 2617; x_wconf 78' lang='lat' dir='ltr'>usus</span> <span class='ocrx_word' id='word_1_129' title='bbox 3539 2537 3633 2619; x_wconf 79' lang='lat' dir='ltr'>in&#39;</span> 
     </span>
     <span class='ocr_line' id='line_1_17' title="bbox 889 2668 3633 2778; baseline 0 -28"><span class='ocrx_word' id='word_1_130' title='bbox 889 2672 1397 2778; x_wconf 79' lang='lat' dir='ltr'>problemate</span> <span class='ocrx_word' id='word_1_131' title='bbox 1413 2696 1904 2775; x_wconf 90' lang='lat' dir='ltr'>quocunque</span> <span class='ocrx_word' id='word_1_132' title='bbox 1938 2668 2333 2749; x_wconf 71' lang='lat' dir='ltr'>solvendo</span> <span class='ocrx_word' id='word_1_133' title='bbox 2352 2670 2585 2776; x_wconf 80' lang='lat' dir='ltr'>quod-</span> <span class='ocrx_word' id='word_1_134' title='bbox 2611 2671 2716 2750; x_wconf 92' lang='lat' dir='ltr'>ad</span> <span class='ocrx_word' id='word_1_135' title='bbox 2750 2672 3201 2751; x_wconf 71' lang='lat' dir='ltr'>Seffionem</span> <span class='ocrx_word' id='word_1_136' title='bbox 3226 2674 3633 2753; x_wconf 79' lang='lat' dir='ltr'>Detemni-</span> 
     </span>
     <span class='ocr_line' id='line_1_18' title="bbox 889 2805 3633 2917; baseline 0 -28"><span class='ocrx_word' id='word_1_137' title='bbox 889 2830 1172 2889; x_wconf 83' lang='lat' dir='ltr'>natam</span> <span class='ocrx_word' id='word_1_138' title='bbox 1208 2806 1656 2887; x_wconf 73' lang='lat' dir='ltr'>dedu&lt;stmn</span> <span class='ocrx_word' id='word_1_139' title='bbox 1697 2805 1970 2887; x_wconf 87' lang='lat' dir='ltr'>fuerit.</span> <span class='ocrx_word' id='word_1_140' title='bbox 2037 2806 2539 2887; x_wconf 83' lang='lat' dir='ltr'>Semicitculi</span> <span class='ocrx_word' id='word_1_141' title='bbox 2576 2829 2851 2887; x_wconf 89' lang='lat' dir='ltr'>autem</span> <span class='ocrx_word' id='word_1_142' title='bbox 2884 2808 2986 2888; x_wconf 89' lang='lat' dir='ltr'>de</span> <span class='ocrx_word' id='word_1_143' title='bbox 3020 2810 3321 2913; x_wconf 86' lang='lat' dir='ltr'>quibus</span> <span class='ocrx_word' id='word_1_144' title='bbox 3360 2808 3633 2917; x_wconf 66' lang='lat' dir='ltr'>loqui-</span> 
     </span>
     <span class='ocr_line' id='line_1_19' title="bbox 889 2942 3633 3051; baseline -0 -25"><span class='ocrx_word' id='word_1_145' title='bbox 889 2968 1028 3027; x_wconf 77' lang='lat' dir='ltr'>tur</span> <span class='ocrx_word' id='word_1_146' title='bbox 1074 2950 1396 3049; x_wconf 84' lang='lat' dir='ltr'>Pappus</span> <span class='ocrx_word' id='word_1_147' title='bbox 1429 2944 1522 3021; x_wconf 91' lang='lat' dir='ltr'>in</span> <span class='ocrx_word' id='word_1_148' title='bbox 1565 2942 2063 3021; x_wconf 76' lang='lat' dir='ltr'>praefatione</span> <span class='ocrx_word' id='word_1_149' title='bbox 2096 2942 2239 3021; x_wconf 86' lang='lat' dir='ltr'>sua</span> <span class='ocrx_word' id='word_1_150' title='bbox 2274 2942 2379 3021; x_wconf 87' lang='lat' dir='ltr'>ad</span> <span class='ocrx_word' id='word_1_151' title='bbox 2411 2942 2597 3023; x_wconf 87' lang='lat' dir='ltr'>Lib.</span> <span class='ocrx_word' id='word_1_152' title='bbox 2638 2969 2715 3051; x_wconf 89' lang='lat'>7.</span> <span class='ocrx_word' id='word_1_153' title='bbox 2754 2944 3264 3025; x_wconf 71' lang='lat' dir='ltr'>Colleffionis</span> <span class='ocrx_word' id='word_1_154' title='bbox 3302 2946 3633 3026; x_wconf 78' lang='lat' dir='ltr'>Mathe.-</span> 
     </span>
     <span class='ocr_line' id='line_1_20' title="bbox 891 3076 3633 3184; baseline 0.001 -23"><span class='ocrx_word' id='word_1_155' title='bbox 891 3082 1264 3179; x_wconf 80' lang='lat' dir='ltr'>matieae,</span> <span class='ocrx_word' id='word_1_156' title='bbox 1312 3078 1378 3157; x_wconf 89' lang='lat' dir='ltr'>ii</span> <span class='ocrx_word' id='word_1_157' title='bbox 1411 3079 1598 3157; x_wconf 82' lang='lat' dir='ltr'>sunt</span> <span class='ocrx_word' id='word_1_158' title='bbox 1631 3076 1988 3184; x_wconf 88' lang='lat' dir='ltr'>quorum</span> <span class='ocrx_word' id='word_1_159' title='bbox 2023 3106 2173 3182; x_wconf 89' lang='lat' dir='ltr'>ope</span> <span class='ocrx_word' id='word_1_160' title='bbox 2206 3078 2697 3182; x_wconf 79' lang='lat' dir='ltr'>Apollonius</span> <span class='ocrx_word' id='word_1_161' title='bbox 2724 3078 3216 3159; x_wconf 82' lang='lat' dir='ltr'>demonstrat</span> <span class='ocrx_word' id='word_1_162' title='bbox 3250 3082 3633 3163; x_wconf 80' lang='lat' dir='ltr'>lemmata</span> 
     </span>
     <span class='ocr_line' id='line_1_21' title="bbox 895 3214 3632 3325; baseline 0.001 -29"><span class='ocrx_word' id='word_1_163' title='bbox 895 3245 1103 3325; x_wconf 90' lang='lat' dir='ltr'>quae</span> <span class='ocrx_word' id='word_1_164' title='bbox 1139 3214 1478 3295; x_wconf 78' lang='lat' dir='ltr'>servavit</span> <span class='ocrx_word' id='word_1_165' title='bbox 1502 3218 1845 3319; x_wconf 85' lang='lat' dir='ltr'>Pappus‚</span> <span class='ocrx_word' id='word_1_166' title='bbox 1877 3214 2312 3319; x_wconf 86' lang='lat' dir='ltr'>postquam</span> <span class='ocrx_word' id='word_1_167' title='bbox 2338 3214 2541 3293; x_wconf 83' lang='lat' dir='ltr'>solis.</span> <span class='ocrx_word' id='word_1_168' title='bbox 2560 3214 2795 3296; x_wconf 55' lang='lat' dir='ltr'>reikis</span> <span class='ocrx_word' id='word_1_169' title='bbox 2832 3215 3067 3296; x_wconf 86' lang='lat' dir='ltr'>lineis</span> <span class='ocrx_word' id='word_1_170' title='bbox 3096 3217 3377 3299; x_wconf 88' lang='lat' dir='ltr'>eadem</span> <span class='ocrx_word' id='word_1_171' title='bbox 3404 3246 3632 3299; x_wconf 82' lang='lat' dir='ltr'>com·-</span> 
     </span>
     <span class='ocr_line' id='line_1_22' title="bbox 892 3344 3635 3460; baseline 0 -25"><span class='ocrx_word' id='word_1_172' title='bbox 892 3354 1133 3449; x_wconf 85' lang='lat' dir='ltr'>muni</span> <span class='ocrx_word' id='word_1_173' title='bbox 1180 3352 1568 3433; x_wconf 88' lang='lat' dir='ltr'>methodo</span> <span class='ocrx_word' id='word_1_174' title='bbox 1628 3348 2108 3433; x_wconf 78' lang='lat' dir='ltr'>ostendisset.</span> <span class='ocrx_word' id='word_1_175' title='bbox 2188 3344 2557 3456; x_wconf 86' lang='lat' dir='ltr'><strong>Pappum</strong></span> <span class='ocrx_word' id='word_1_176' title='bbox 2603 3372 2873 3432; x_wconf 85' lang='lat' dir='ltr'>autem</span> <span class='ocrx_word' id='word_1_177' title='bbox 2932 3350 3102 3460; x_wconf 83' lang='lat' dir='ltr'>fine</span> <span class='ocrx_word' id='word_1_178' title='bbox 3144 3356 3454 3435; x_wconf 72' lang='lat' dir='ltr'>ratione</span> <span class='ocrx_word' id='word_1_179' title='bbox 3502 3384 3635 3435; x_wconf 75' lang='lat' dir='ltr'>re·</span> 
     </span>
     <span class='ocr_line' id='line_1_23' title="bbox 873 3474 3633 3603; baseline 0.001 -34"><span class='ocrx_word' id='word_1_180' title='bbox 873 3489 1323 3603; x_wconf 19' lang='lat' dir='ltr'>‘prehendit&#39;</span> <span class='ocrx_word' id='word_1_181' title='bbox 1365 3488 1709 3568; x_wconf 86' lang='lat' dir='ltr'>Snellius</span> <span class='ocrx_word' id='word_1_182' title='bbox 1759 3486 1981 3591; x_wconf 90' lang='lat' dir='ltr'>quod</span> <span class='ocrx_word' id='word_1_183' title='bbox 2027 3485 2175 3567; x_wconf 90' lang='lat' dir='ltr'>hos</span> <span class='ocrx_word' id='word_1_184' title='bbox 2224 3488 2339 3567; x_wconf 86' lang='lat' dir='ltr'>de·</span> <span class='ocrx_word' id='word_1_185' title='bbox 2368 3474 2733 3569; x_wconf 70' lang='lat' dir='ltr'>Seffion&#39;e</span> <span class='ocrx_word' id='word_1_186' title='bbox 2779 3490 3335 3571; x_wconf 78' lang='lat' dir='ltr'>Determinata</span> <span class='ocrx_word' id='word_1_187' title='bbox 3380 3492 3633 3575; x_wconf 83' lang='lat' dir='ltr'>libros</span> 
     </span>
     <span class='ocr_line' id='line_1_24' title="bbox 888 3607 3634 3732; baseline 0 -24"><span class='ocrx_word' id='word_1_188' title='bbox 888 3628 990 3708; x_wconf 84' lang='lat' dir='ltr'>iis</span> <span class='ocrx_word' id='word_1_189' title='bbox 1028 3627 1128 3706; x_wconf 91' lang='lat' dir='ltr'>de</span> <span class='ocrx_word' id='word_1_190' title='bbox 1152 3625 1515 3707; x_wconf 57' lang='lat' dir='ltr'>Seiiione</span> <span class='ocrx_word' id='word_1_191' title='bbox 1543 3614 1909 3703; x_wconf 84' lang='lat' dir='ltr'>Rationis</span> <span class='ocrx_word' id='word_1_192' title='bbox 1948 3642 2026 3701; x_wconf 91' lang='lat' dir='ltr'>et</span> <span class='ocrx_word' id='word_1_193' title='bbox 2061 3623 2317 3728; x_wconf 89' lang='lat' dir='ltr'>Spatii</span> <span class='ocrx_word' id='word_1_194' title='bbox 2350 3650 2519 3701; x_wconf 90' lang='lat' dir='ltr'>non</span> <span class='ocrx_word' id='word_1_195' title='bbox 2556 3624 3047 3730; x_wconf 77' lang='lat' dir='ltr'>praemiserit</span> <span class='ocrx_word' id='word_1_196' title='bbox 3066 3607 3634 3732; x_wconf 29' lang='lat' dir='ltr'>3⁴problemata</span> 
     </span>
     <span class='ocr_line' id='line_1_25' title="bbox 891 3750 3633 3867; baseline 0.001 -24"><span class='ocrx_word' id='word_1_197' title='bbox 891 3764 1112 3843; x_wconf 88' lang='lat' dir='ltr'>enim</span> <span class='ocrx_word' id='word_1_198' title='bbox 1159 3762 1263 3841; x_wconf 84' lang='lat' dir='ltr'>de</span> <span class='ocrx_word' id='word_1_199' title='bbox 1293 3750 1656 3843; x_wconf 69' lang='lat' dir='ltr'>Seffion&#39;e</span> <span class='ocrx_word' id='word_1_200' title='bbox 1689 3759 2247 3839; x_wconf 87' lang='lat' dir='ltr'>Determinata</span> <span class='ocrx_word' id='word_1_201' title='bbox 2281 3758 2671 3865; x_wconf 89' lang='lat' dir='ltr'>quintum</span> <span class='ocrx_word' id='word_1_202' title='bbox 2706 3762 3170 3867; x_wconf 79' lang='lat' dir='ltr'>praesertim</span> <span class='ocrx_word' id='word_1_203' title='bbox 3202 3786 3281 3844; x_wconf 91' lang='lat' dir='ltr'>et</span> <span class='ocrx_word' id='word_1_204' title='bbox 3319 3764 3633 3845; x_wconf 84' lang='lat' dir='ltr'>sextum</span> 
     </span>
     <span class='ocr_line' id='line_1_26' title="bbox 887 3895 3633 4006; baseline 0 -25"><span class='ocrx_word' id='word_1_205' title='bbox 887 3900 1074 3981; x_wconf 88' lang='lat' dir='ltr'>Lib.</span> <span class='ocrx_word' id='word_1_206' title='bbox 1127 3924 1194 3979; x_wconf 90' lang='lat'>1.</span> <span class='ocrx_word' id='word_1_207' title='bbox 1243 3912 1322 3977; x_wconf 79' lang='lat' dir='ltr'>et</span> <span class='ocrx_word' id='word_1_208' title='bbox 1371 3924 1465 3975; x_wconf 86' lang='lat' dir='ltr'>ea</span> <span class='ocrx_word' id='word_1_209' title='bbox 1507 3895 1692 3979; x_wconf 89' lang='lat' dir='ltr'>Lib.</span> <span class='ocrx_word' id='word_1_210' title='bbox 1737 3921 1810 3978; x_wconf 84' lang='lat'>2.</span> <span class='ocrx_word' id='word_1_211' title='bbox 1857 3895 2018 3975; x_wconf 88' lang='lat' dir='ltr'>illis</span> <span class='ocrx_word' id='word_1_212' title='bbox 2074 3896 2175 3975; x_wconf 89' lang='lat' dir='ltr'>de</span> <span class='ocrx_word' id='word_1_213' title='bbox 2224 3896 2587 3978; x_wconf 66' lang='lat' dir='ltr'>Sectione</span> <span class='ocrx_word' id='word_1_214' title='bbox 2633 3897 3002 3979; x_wconf 83' lang='lat' dir='ltr'>Rationis</span> <span class='ocrx_word' id='word_1_215' title='bbox 3048 3919 3129 3979; x_wconf 90' lang='lat' dir='ltr'>et</span> <span class='ocrx_word' id='word_1_216' title='bbox 3162 3900 3416 4006; x_wconf 84' lang='lat' dir='ltr'>spatii</span> <span class='ocrx_word' id='word_1_217' title='bbox 3460 3900 3633 3983; x_wconf 81' lang='lat' dir='ltr'>dif-</span> 
     </span>
     <span class='ocr_line' id='line_1_27' title="bbox 891 4033 1480 4117; baseline -0.003 0"><span class='ocrx_word' id='word_1_218' title='bbox 891 4033 1231 4117; x_wconf 81' lang='lat' dir='ltr'>ficiliora</span> <span class='ocrx_word' id='word_1_219' title='bbox 1265 4034 1480 4115; x_wconf 84' lang='lat' dir='ltr'>sunt.</span> 
     </span>
    </p>

    <p class='ocr_par' dir='ltr' id='par_1_4' title="bbox 821 4168 3639 4557">
     <span class='ocr_line' id='line_1_28' title="bbox 821 4168 3635 4277; baseline 0.001 -26"><span class='ocrx_word' id='word_1_220' title='bbox 821 4196 836 4205; x_wconf 91' lang='lat'><em>·</em></span> <span class='ocrx_word' id='word_1_221' title='bbox 1002 4172 1182 4251; x_wconf 90' lang='lat' dir='ltr'>Post</span> <span class='ocrx_word' id='word_1_222' title='bbox 1216 4168 1610 4250; x_wconf 88' lang='lat' dir='ltr'>Snellium</span> <span class='ocrx_word' id='word_1_223' title='bbox 1647 4170 2099 4250; x_wconf 82' lang='lat' dir='ltr'>Alexander</span> <span class='ocrx_word' id='word_1_224' title='bbox 2128 4171 2649 4253; x_wconf 84' lang='lat' dir='ltr'>Andersonus</span> <span class='ocrx_word' id='word_1_225' title='bbox 2684 4168 3271 4253; x_wconf 86' lang='lat' dir='ltr'>Abredonenfis</span> <span class='ocrx_word' id='word_1_226' title='bbox 3308 4174 3635 4277; x_wconf 88' lang='lat' dir='ltr'>proble-</span> 
     </span>
     <span class='ocr_line' id='line_1_29' title="bbox 891 4306 3633 4415; baseline 0.002 -28"><span class='ocrx_word' id='word_1_227' title='bbox 891 4325 1114 4387; x_wconf 88' lang='lat' dir='ltr'>mata</span> <span class='ocrx_word' id='word_1_228' title='bbox 1149 4306 1396 4412; x_wconf 89' lang='lat' dir='ltr'>primi</span> <span class='ocrx_word' id='word_1_229' title='bbox 1433 4306 1622 4385; x_wconf 88' lang='lat' dir='ltr'>libri</span> <span class='ocrx_word' id='word_1_230' title='bbox 1657 4306 2101 4412; x_wconf 88' lang='lat' dir='ltr'>Apollonii,</span> <span class='ocrx_word' id='word_1_231' title='bbox 2140 4332 2563 4415; x_wconf 83' lang='lat' dir='ltr'>unumque</span> <span class='ocrx_word' id='word_1_232' title='bbox 2597 4308 2925 4390; x_wconf 87' lang='lat' dir='ltr'>secundi</span> <span class='ocrx_word' id='word_1_233' title='bbox 2956 4310 3101 4389; x_wconf 90' lang='lat' dir='ltr'>suo</span> <span class='ocrx_word' id='word_1_234' title='bbox 3124 4309 3373 4389; x_wconf 89' lang='lat' dir='ltr'>modo</span> <span class='ocrx_word' id='word_1_235' title='bbox 3397 4310 3633 4393; x_wconf 84' lang='lat' dir='ltr'>solvit</span> 
     </span>
     <span class='ocr_line' id='line_1_30' title="bbox 856 4442 3639 4557; baseline -0.001 -28"><span class='ocrx_word' id='word_1_236' title='bbox 856 4495 865 4503; x_wconf 91' lang='lat'>-</span> <span class='ocrx_word' id='word_1_237' title='bbox 895 4443 1107 4540; x_wconf 80' lang='lat' dir='ltr'>inter</span> <span class='ocrx_word' id='word_1_238' title='bbox 1139 4442 1640 4554; x_wconf 87' lang='lat' dir='ltr'>problemata</span> <span class='ocrx_word' id='word_1_239' title='bbox 1677 4472 1884 4554; x_wconf 83' lang='lat' dir='ltr'>quae</span> <span class='ocrx_word' id='word_1_240' title='bbox 1918 4443 2346 4525; x_wconf 74' lang='lat' dir='ltr'>subnexuit</span> <span class='ocrx_word' id='word_1_241' title='bbox 2382 4446 2957 4553; x_wconf 74' lang='lat' dir='ltr'>supplemento</span> <span class='ocrx_word' id='word_1_242' title='bbox 2980 4446 3395 4557; x_wconf 86' lang='lat' dir='ltr'>Apollonii</span> <span class='ocrx_word' id='word_1_243' title='bbox 3418 4444 3639 4527; x_wconf 83' lang='lat' dir='ltr'>redi-</span> 
     </span>
    </p>
   </div>
  </div>
 </body>
</html>
