4109 5609
747 683 3015 867 PRAEFATIO.

491 1058 982 1273 TOTA
1027 1214 1236 1293 quae
1280 1186 1516 1267 nobis
1551 1182 1894 1289 superest
1927 1182 2219 1265 notitia
2254 1186 2653 1269 librorum
2680 1218 2893 1297 quos
2928 1190 3031 1270 de
3064 1190 3252 1272 Sec-

515 1326 734 1409 tione
811 1324 1368 1403 Determinata
1447 1320 1752 1425 scripsit
1827 1348 2179 1428 magnus
2266 1325 2699 1405 Geometra
2769 1328 3251 1433 Apollonius

513 1466 931 1569 Pergaeu5‚
981 1459 1146 1537 solo
1193 1463 1460 1563 Pappo
1503 1458 2050 1538 Alexandrino
2098 1458 2463 1561 debetur,
2524 1463 2671 1568 qui
2716 1490 2997 1543 omnes
3044 1446 3255 1572 quae

515 1598 606 1679 in
639 1597 852 1677 hisce
887 1594 1116 1675 libris
1155 1595 1782 1675 continebantur
1813 1592 2385 1699 propositiones
2418 1625 2584 1676 una
2610 1600 2961 1707 generali
2988 1627 3254 1681 enun-

517 1735 854 1815 tiatione
895 1729 1242 1813 inclusit.
1342 1734 1613 1811 Plures
1650 1730 1914 1809 etiam*
1931 1728 2501 1836 propositiones
2536 1734 2685 1815 sub
2729 1738 3256 1817 Lemmatum

511 1872 848 1951 nomine
892 1869 1142 1949 tradit
1191 1870 1538 1973 Pap-pus,
1611 1894 1966 1973 quarum
2013 1868 2461 1949 maximam
2509 1892 2851 1975 partem,
2924 1900 3117 1955 eum
3162 1900 3258 1953 ex

513 2006 758 2114 ipsius
789 2004 1208 2111 Apollonii
1251 2003 1480 2085 libr-is
1525 2002 1818 2082 dediffe
1853 2003 2198 2083 minime
2230 2005 2784 2087 dubitandum
2818 2008 2929 2088 est
2946 2043 2969 2107 3
3032 2010 3257 2091 mul-

513 2167 644 2225 tae
687 2143 912 2222 enim
954 2168 1238 2221 earum
1281 2140 1782 2220 reverasunt
1827 2140 2212 2219 lemmata
2243 2142 2554 2247 quibus
2600 2144 2911 2249 saepius
2957 2143 3049 2223 in
3094 2145 3257 2223 suis

509 2277 1336 2361 demonstrationibus
1371 2276 1496 2355 uti
1520 2276 1962 2381 Apollonio
1997 2275 2521 2357 necessarium
2555 2278 2745 2377 fuit,
2792 2300 2889 2360 ut
2934 2305 3029 2361 ex
3074 2278 3261 2387 ipfis

503 2418 620 2499 de
663 2416 1026 2497 Seffione
1057 2412 1624 2507 ,Determinata
1670 2412 1897 2491 libris
1947 2413 2357 2519 perspicue
2403 2416 2869 2520 apparebit3
2944 2438 3023 2497 et
3070 2418 3260 2523 qui·-

501 2555 710 2634 dem
759 2550 1232 2657 praecipuae
1273 2571 1357 2628 et
1403 2548 1892 2629 difficiliores
1931 2550 2120 2629 sunt
2165 2571 2427 2655 partes
2470 2552 3263 2634 demonstrationum

503 2689 797 2771 earum
833 2684 1472 2793 propositionum
1507 2685 1807 2790 quibus
1843 2684 2319 2784 inserviunt,
2350 2688 2813 2795 quibusque
2847 2662 3261 2795 propterea

507 2828 794 2921 nullus
839 2820 1000 2902 fine
1043 2821 1720 2901 demonstratione
1765 2840 2147 2905 uteretur.
2242 2826 2643 2904 Praeterea
2679 2828 2995 2930 Pappus
3030 2826 3121 2903 in
3156 2826 3269 2904 li·-

511 2966 860 3045 brorum
905 2960 1005 3038 de
1051 2958 1414 3039 Seffione
1458 2957 2013 3037 Determinata
2062 2958 2588 3064 descriptione
2632 2960 2877 3040 refert
2922 2960 3263 3066 Apollo-

515 3102 762 3181 nium
821 3096 1088 3203 primo
1145 3092 1714 3201 propositiones
1775 3095 1954 3175 suas
2001 3094 2563 3176 demonstrasse
2604 3098 3033 3177 communi
3084 3125 3264 3178 me-

517 3236 806 3332 thodo,
877 3260 974 3313 ac
1032 3233 1214 3311 solis
1260 3230 1496 3313 rectis
1543 3230 1778 3329 lineis
1823 3230 2067 3310 usum
2111 3230 2383 3331 fuiffe3
2458 3260 2553 3313 ac
2611 3233 2883 3312 rursus
2948 3234 3265 3314 easdem

517 3368 938 3456 ostendiffe
983 3366 1390 3477 ingeniose
1435 3386 1514 3445 et
1557 3368 1822 3475 magis
1869 3368 1974 3447 ad
2019 3368 2609 3449 institutionem
2658 3370 3265 3448 accommodate

519 3538 668 3619 per
699 3504 1278 3603 semicirculos3
1329 3502 1674 3610 utraque
1699 3524 1972 3583 autem
2000 3504 2152 3585 hac
2190 3504 2320 3583 via
2358 3506 2591 3611 plura
2616 3532 2711 3583 ex
2734 3492 2835 3583 iis
2862 3532 3067 3610 quae
3100 3504 3265 3583 ser-

517 3646 748 3727 vavit
791 3646 1108 3747 Pappus
1142 3642 1564 3721 Lemmata
1600 3640 2141 3721 demonstrata
2183 3642 2413 3739 sunt;
2488 3668 2695 3747 quae
2744 3641 3080 3747 quidem
3130 3640 3265 3746 ip-

517 3782 680 3865 sius
725 3779 874 3861 effe
904 3776 1350 3884 Apollonii,
1402 3804 1754 3883 eumque
1797 3777 2078 3856 eadem
2112 3774 2788 3882 propositionibus
2833 3776 2994 3858 suis
3030 3804 3265 3884 prae-

515 3914 834 4017 misisse,
883 3936 1126 4022 atque
1159 3942 1256 3995 ex
1287 3912 1702 4019 Apollonii
1737 3911 1966 3993 libris
2004 3915 2370 4019 Pappum
2403 3940 2495 3992 ea
2532 3912 2921 4021 collegisse
2957 3912 3266 4019 perspi-

519 4080 776 4140 cuum
813 4053 948 4133 est.
1015 4051 1248 4163 Qae
1276 4076 1464 4131 vero
1487 4050 1896 4130 habentur
1926 4051 2018 4129 in
2053 4047 2727 4155 propositionibus
2767 4049 2901 4149 61,
2946 4053 3080 4147 62,
3124 4048 3261 4153 64,

517 4192 666 4276 lib.
731 4218 810 4300 7.
869 4188 1154 4294 Pappi,·
1223 4186 1672 4267 secundum
1717 4187 2299 4266 Commandini
2342 4184 3022 4285 numerationem,
3094 4212 3267 4264 non

517 4332 715 4411 sunt
758 4328 1176 4425 lemmata,
1236 4323 1370 4403 sed
1420 4320 1990 4429 propositiones
2037 4323 2375 4403 eximiae
2422 4323 2725 4431 quibus
2772 4320 3267 4401 determina-

519 4466 788 4548 tiones
831 4483 992 4545 tres
1053 4460 1144 4541 in
1212 4456 1424 4541 libro
1483 4459 1834 4541 secundo
1901 4458 2291 4560 Seffionis
2336 4458 2937 4542 Determinatae
3004 4456 3269 4537 osten-

1861 4624 1912 4677 a
