4109 5609
1117 378 1301 498 DE
1400 368 2544 497 LoGA'Rr‘rHMm.
3151 442 3204 529 9

588 632 671 719 Si
706 631 930 717 enim
962 634 1309 715 rationes
1346 634 1485 712 FG
1524 632 1630 711 ad
1664 599 1853 732 CN,
1904 632 2050 712 KL
2089 630 2192 711 ad
2227 635 2403 732 LO,
2453 660 2622 711 non
2657 630 2843 713 sunt
2879 630 3091 713 inter
3124 636 3201 715 se

445 776 803 872 eaedem,
866 799 1035 851 una
1094 797 1372 850 earum
1420 769 1572 849 erit
1617 768 1875 873 major
1919 770 2215 865 altera3
2289 768 2384 852 fit
2441 767 2648 849 ratio
2695 770 2836 847 FG
2883 770 2988 850 ad
3033 773 3200 853 GN

446 910 735 1015 major,
772 931 852 988 et
884 930 981 988 ut
1016 908 1159 987 KL
1197 906 1300 985 ad
1335 886 1511 1005 Lo',
1551 904 1665 985 ita
1696 903 1791 985 fit
1828 908 1966 985 FG
2006 906 2112 984 ad
2147 906 2314 988 GP.
2383 905 2643 1013 Igitur
2681 902 2904 1014 [Cor.
2935 906 3196 1017 13.5.]

444 1048 653 1127 ratio
690 1047 829 1125 FG
868 1044 971 1124 ad
1006 1045 1167 1123 GN
1203 1042 1461 1147 major
1506 1042 1615 1121 est
1659 1042 1911 1121 ratio-

444 1210 549 1262 ne
584 1184 726 1262 FG
762 1182 865 1259 ad
902 1182 1072 1260 GP.
1142 1182 1243 1258 Et
1280 1152 1670 1285 qubniam
1703 1178 1909 1259 ratio
2048 1214 2106 1291 F
2587 1216 2646 1293 p
2758 1216 2848 1293 H
2879 1214 2960 1295 N
3107 1216 3192 1293 G

448 1320 589 1399 FG
640 1318 743 1397 ad
791 1318 953 1395 GN
1000 1344 1092 1395 ea
1136 1318 1247 1395 est
1306 1342 1399 1393 ex
1456 1314 1907 1395 rationibus
2093 1360 2100 1369 -

444 1458 521 1535 A
556 1456 657 1533 ad
700 1456 765 1533 B
812 1449 1245 1558 compofita
1292 1477 1500 1557 quae
1546 1451 1909 1556 proxime
2046 1484 2126 1561 K

444 1591 705 1696 major
739 1592 847 1669 est
879 1590 1191 1669 ratione
1217 1587 1355 1666 FG
1384 1588 1488 1665 ad
1512 1587 1715 1688 GH,
1757 1588 1907 1667 erit

440 1728 650 1807 ratio
709 1728 849 1805 FG
907 1726 1020 1806 ad
1077 1725 1251 1803 GH
1297 1722 1553 1827 major
1594 1723 1906 1804 ratione
2040 1751 2120 1828 A

440 1864 581 1943 FG
620 1862 725 1941 ad
761 1863 931 1961 GP,
996 1888 1205 1968 quae
1238 1858 1508 1938 minor
1552 1860 1661 1938 est
1702 1859 1904 1939 rati-

434 2027 593 2081 one
628 1999 767 2078 FG
804 2000 911 2077 ad
940 1998 1136 2079 GN.
1218 1995 1479 2104 Igitur
1512 1996 1905 2102 quoniam
2042 1978 2108 2055 Β

438 2136 650 2217 ratio
684 2137 827 2213 KL
868 2133 973 2214 ad
1011 2134 1179 2214 LM
1223 2132 1507 2212 eadem
1550 2134 1661 2211 est
1702 2132 1903 2211 rati-

438 2272 579 2353 oni
606 2271 745 2351 FG
776 2272 880 2349 ad
903 2271 1107 2373 GH,
1146 2296 1355 2377 quae
1388 2267 1647 2373 major
1679 2269 1789 2349 est
1820 2271 2130 2351 ratione
2165 2271 2306 2352 FG
2341 2273 2447 2354 ad
2481 2272 2652 2373 GP,
2693 2273 2844 2353 erit
2869 2254 3182 2383 [13.'5.]

436 2410 646 2489 ratio
682 2410 827 2487 KL
866 2407 970 2487 ad
1014 2407 1183 2487 LM
1228 2397 1488 2509 major
1535 2396 1876 2509 (ratione
1922 2408 2062 2487 FG
2111 2408 2216 2487 ad
2261 2411 2432 2512 GP,
2457 2410 2636 2491 'hoc
2681 2410 2822 2521 est)
2874 2410 3185 2491 ratione

440 2546 585 2625 KL
626 2544 731 2625 ad
764 2546 911 2624 LO
930 2577 955 2643 ;
1009 2542 1145 2623 sed
1180 2563 1257 2621 et
1291 2539 1589 2641 minor,
1629 2543 1854 2648 quod
1890 2543 2064 2624 fieri
2103 2570 2270 2624 non
2306 2547 2583 2651 potest.
2686 2546 2949 2655 Igitur
2977 2548 3186 2628 ratio

2677 1482 3012 1563 MOL

440 2682 584 2761 FG
622 2681 725 2760 ad
761 2682 923 2759 GN
961 2679 1240 2759 eadem
1276 2678 1385 2756 est
1416 2678 1713 2759 rationi
1748 2680 1893 2759 KL
1932 2682 2035 2761 ad
2070 2683 2240 2763 LO.
2309 2682 2695 2765 Similiter
2729 2684 2973 2765 altera
3001 2712 3182 2791 pars

440 2815 1001 2925 Propofitionis
1039 2812 1517 2897 ostendetur.

1414 3085 2188 3175 PROP.11E

440 3369 503 3408 “
552 3364 655 3445 SI
702 3363 911 3442 duae
953 3358 1301 3443 rationes
1348 3352 1489 3439 FG
1536 3360 1640 3441 ad
1686 3358 1887 3461 GH,
1940 3384 2019 3442 et
2054 3361 2198 3442 KL
2237 3363 2342 3441 ad
2375 3362 2572 3462 LM,
2619 3382 2964 3469 utraque
2997 3390 3178 3441 ma·-

440 3505 497 3543 “
534 3500 735 3606 joris
772 3497 877 3578 ad
910 3498 1339 3595 minorem,
1388 3494 1543 3577 fint
1576 3498 1788 3577 inter
1820 3499 1895 3577 se
1930 3500 2280 3597 eaedem,
2331 3525 2499 3578 non
2535 3519 2808 3578 autem
2843 3526 3180 3605 compo-

436 3641 501 3679 “
546 3634 733 3715 fitae
766 3634 921 3715 fint
956 3662 1049 3713 ex
1083 3632 1534 3715 rationibus
1580 3634 2068 3715 radicalibus
2116 3663 2210 3713 ex
2256 3636 2558 3741 quibus
2605 3635 2899 3717 scilicet
2947 3664 3175 3717 com·

442 3776 498 3815 “
550 3768 797 3877 pofita
831 3772 941 3850 est
976 3769 1178 3850 ratio
1215 3766 1609 3876 assumpta
1644 3772 1785 3849 AB
1825 3771 1926 3850 ad
1974 3772 2150 3868 BC;
2227 3772 2376 3850 erit
2419 3772 2999 3880 Logarithmus
3046 3800 3182 3852 ra·-

440 3912 500 3951 “
548 3880 792 3988 tionis
838 3906 979 3987 FG
1027 3907 1131 3988 ad
1176 3905 1351 3986 GH
1397 3906 1617 3987 idem
1676 3902 1866 3987 cum
1915 3906 2446 4015 Logarithmo
2491 3908 2827 3991 rationis
2875 3911 3021 3991 KL
3081 3909 3186 3989 ad

442 4049 498 4087 “
547 4042 794 4125 LM.’²

575 4316 698 4396 Sit
732 4314 954 4395 enim
986 4310 1193 4395 ratio
1228 4313 1369 4395 FG
1397 4312 1500 4394 ad
1526 4316 1689 4395 GN
1726 4340 1817 4395 ea
1853 4340 2060 4421 quae
2095 4340 2190 4394 ex
2223 4314 2709 4397 radicalibus
2747 4308 3182 4422 composita

428 4452 803 4561 ‘proxime
835 4450 1097 4560 major
1128 4452 1241 4535 est
1269 4452 1578 4535 ratione
1614 4453 1753 4533 FG
1790 4452 1895 4532 ad
1930 4453 2146 4551 GH;
2197 4450 2453 4562 fitque
2488 4454 2692 4537 ratio
2727 4453 2872 4535 KL
2901 4452 3004 4531 ad
3036 4452 3184 4531 LO

1786 4590 1852 4666 B
3017 4586 3028 4595 ,
