4109 5609
934 416 1055 499 232
1594 412 1771 491 DE
1876 406 3096 537 LOG-ARITHMOEL

899 606 1143 711 ‘infer
1164 628 1251 709 ,se
1286 631 1680 736 aequales,
1784 629 1916 709 Est
1952 650 2228 709 autem
2264 630 2414 711 EG
2451 630 2994 741 logarithmus
3029 635 3356 717 numeri
3393 637 3492 737 C,
3541 624 3700 719 five

932 766 1271 849 rationis
1305 767 1372 847 C
1408 767 1515 846 ad
1546 769 1651 867 A,
1698 788 1807 867 et,
1850 793 1989 873 per
2022 770 2256 872 Prop.
2299 794 2326 847 1
2355 794 2420 853 1.
2458 771 2568 849 est
2603 771 2742 851 FN
2775 771 3317 881 logarithmus
3352 772 3698 855 rationis

931 903 1252 987 numeri
1288 905 1385 985 M
1422 904 1525 985 ad
1560 904 1827 1011 ipsum
1863 906 1953 987 Β.
2034 905 2422 1011 Aequalis
2457 905 2717 1016 igitur
2748 908 2860 989 est
2893 909 3048 989 EG
3083 906 3227 1016 ipfi
3262 912 3427 1010 FN,
3481 938 3696 1020 qua-

931 1070 1019 1123 re
1048 1040 1231 1144 EG,
1276 1068 1447 1125 una
1482 1069 1676 1124 cum
1711 1044 1863 1139 EF,
1913 1043 2270 1156 aequalis
2307 1046 2418 1124 est
2450 1042 2597 1153 ipfi
2635 1044 2780 1127 EN
2817 1046 3310 1157 logarithmo
3345 1048 3548 1131 fiaaeffi
3593 1050 3694 1129 M

934 1178 1039 1263 ab
1054 1236 1061 1239 -
1074 1176 1259 1288 ipfis
1292 1180 1389 1281 B,
1428 1182 1501 1259 C
1528 1178 1918 1261 numeris.

1068 1453 1269 1538 Cas.
1310 1478 1389 1539 2.
1459 1452 1823 1568 Qando
1863 1453 2063 1534 alter
2107 1480 2498 1537 numerus
2533 1457 2646 1537 est
2677 1456 2966 1563 major,
3016 1458 3376 1565 reliquus
3413 1476 3692 1537 autem

924 1589 1207 1673 ‘minor
1236 1582 1599 1675 unitate}
1884 1696 1904 1710 ρ
2551 1610 2554 1615 ’

1069 1727 1195 1809 Sit
1224 1753 1613 1811 numerus
1650 1729 1717 1806 B
1750 1726 2013 1833 major
2045 1728 2156 1827 D,
2193 1754 2384 1809 vero
2415 1727 2694 1810 minor
2721 1731 3076 1830 unitate3
3137 1750 3224 1811 et
3253 1728 3559 1837 primB,
3595 1726 3694 1811 fit

932 1866 1001 1947 B
1036 1862 1297 1973 major
1336 1864 1745 1971 reciproco
1788 1889 2134 1945 numero
2176 1862 2422 1971 ipfius
2465 1868 2574 1965 D,
2623 1866 2780 1948 hoc
2825 1867 2938 1948 est
2981 1867 3242 1973 major
3285 1894 3548 1973 quam
3587 1857 3686 1967 ἐς

934 2002 1085 2085 erit
1119 2002 1377 2113 igitur
1406 2001 1671 2085 faetus
1706 2000 1812 2082 ab
1855 1996 2040 2109 ipfis
2087 2003 2182 2103 B,
2217 2004 2300 2082 D
2341 2003 2604 2109 major
2648 2004 2958 2086 unitate
2976 2038 3001 2104 ;
3071 2001 3170 2086 fit
3213 2004 3482 2085 faetus
3529 2032 3694 2085 nu-

935 2166 1211 2221 merus
1246 2140 1373 2241 M,
1400 2139 1619 2222 cadit
1645 2138 1901 2249 igitur
1921 2140 2019 2219 M
2047 2139 2152 2219 ad

933 2280 1301 2369 dextram
1338 2274 1703 2357 'unitatis
1764 2302 1971 2383 quae
2039 2276 2150 2355 est
2285 2254 2366 2331 D
2687 2256 2764 2333 A
3324 2254 3423 2333 Μ
3627 2257 3692 2333 Β

936 2413 1029 2493 in
1071 2416 1205 2513 A;
1276 2433 1357 2493 et
1402 2412 1797 2522 quoniam
1844 2413 2144 2514 unitaS,
2295 2390 3694 2431 .-.-.........·...—..............=..-.-.-

938 2550 1073 2631 seu
1130 2552 1242 2650 A,
1298 2549 1410 2631 est
1456 2551 1560 2630 ad
1619 2551 1713 2651 B,
1782 2571 1877 2629 ut
1920 2552 1999 2628 D
2044 2548 2151 2629 ad
2289 2520 2380 2597 Η
2703 2522 2770 2601 E
3331 2522 3414 2603 N
3635 2524 3690 2601 F

934 2686 1250 2769 fadtum
1284 2688 1412 2787 M,
1451 2686 1605 2767 erit
1625 2686 1830 2767 ratio
1858 2688 1921 2767 B
1948 2684 2053 2767 ad
2073 2688 2154 2767 A
2291 2656 3652 2699 μ’μ’-*φ’-

768 2872 775 2884 ·
938 2823 1220 2907 eadem
1264 2823 1561 2905 rationi
1606 2824 1705 2903 M
1754 2824 1857 2903 ad
1904 2828 1979 2903 D
2010 2857 2033 2924 3
2109 2821 2364 2931 igitur
2410 2820 2882 2928 logarithmi
2927 2820 3228 2901 harum
3275 2820 3693 2902 rationum

937 2982 1174 3043 erunt
1208 2962 1423 3042 inter
1454 2961 1531 3039 se
1566 2942 1959 3067 aequales,
2063 2960 2184 3040 Sit
2219 2961 2346 3038 EF
2379 2956 2918 3065 logatithmus
2951 2958 3290 3039 rationis
3325 2960 3406 3037 D
3443 2959 3551 3039 ad
3583 2961 3689 3058 A,

938 3100 1082 3179 EN
1132 3126 1321 3179 vero
1364 3096 1901 3206 legarithmus
1948 3093 2286 3177 rationis
2332 3096 2430 3175 M
2478 3094 2584 3175 ad
2627 3094 2735 3195 A,
2789 3095 3046 3195 -unde,
3096 3122 3239 3201 per
3285 3098 3522 3201 Prop.
3571 3122 3694 3179 ιι.

934 3236 1087 3317 erit
1120 3236 1287 3316 HN
1324 3232 1861 3345 legaritlxmus
1899 3232 2236 3315 rationis
2273 3234 2367 3311 M
2405 3230 2512 3311 ad
2545 3232 2651 3315 D.
2735 3232 2997 3339 Igitur
3029 3233 3156 3311 EF
3191 3232 3551 3339 aequalis
3589 3232 3698 3311 est

934 3370 1081 3481 ipfi
1119 3374 1315 3472 HN,
1365 3392 1472 3472 et,
1522 3368 1794 3450 ablato
1830 3368 2252 3450 communi
2289 3370 2475 3469 HE,
2525 3366 2678 3449 erit
2709 3364 3056 3450 exceffus
3091 3368 3218 3447 EF
3263 3368 3502 3475 supra
3537 3371 3700 3447 HE

938 3508 1294 3617 aequalis
1339 3507 1487 3613 ipfi
1530 3509 1706 3606 EN,
1758 3504 1912 3588 hoc
1960 3506 2098 3605 est,
2149 3502 2302 3585 erit
2345 3500 2690 3585 exc'effus
2735 3504 3208 3612 logarithmi
3255 3504 3584 3585 numeri
3629 3506 3692 3585 B

934 3648 1174 3753 supra
1221 3642 1811 3755 logarithmum
1860 3642 2182 3723 numeri
2229 3642 2336 3742 D,
2399 3640 2764 3747 aequalis
2803 3640 3296 3751 loga-„rithmo
3341 3640 3544 3721 faffi
3589 3642 3694 3721 ab

920 3780 1119 3891 -ipfis
1154 3781 1279 3865 M.

1068 3918 1157 4000 Si
1190 3944 1380 4000 vero
1412 3912 1559 4025 ipfi
1594 3918 1752 3997 ΕΗ
1786 3913 2282 4024 legarithmo
2315 3913 2638 3995 numeri
2673 3916 2752 3993 D
2797 3911 3110 3995 unitate
3153 3912 3500 3997 minoris
3547 3944 3692 4021 ap-

934 4078 1287 4166 ponatur
1314 4054 1641 4165 fignum
1670 4092 1743 4109 —
1771 4051 1930 4133 five
1963 4050 2564 4153 subtrastioniS,
2615 4050 2768 4130 erit
2798 4049 3118 4131 summa
3151 4050 3690 4161 logarithmo-

937 4222 1125 4277 rum
1163 4218 1697 4275 numerorum
1720 4192 1815 4293 B,
1841 4190 1951 4290 D,
1990 4216 2206 4297 quae
2237 4190 2348 4271 est
2381 4190 2506 4270 EF
2525 4226 2598 4245 -
2619 4186 2780 4268 ΕΗ
2815 4187 3174 4296 aequalis
3205 4184 3356 4297 ipsu
3387 4189 3536 4270 EN
3567 4188 3689 4273 lo-

936 4332 1347 4443 garithmo
1376 4328 1575 4412 faeti
1608 4328 1735 4432 M,
1782 4348 1879 4410 ut
1912 4326 2003 4409 in
2038 4327 2248 4409 casu
2295 4352 2370 4424 1.,

1072 4466 1479 4571 Secundb,
1514 4462 1611 4551 fit
1642 4492 2033 4551 numerus
2071 4466 2138 4549 B
2171 4464 2446 4547 minor
2482 4456 2933 4571 quam—3,
2969 4457 3402 4591 erit-igitur
3422 4462 3696 4547 fastus
