4109 5609
932 450 1027 515 η
1588 422 1770 505 DE
1871 418 3020 507 LOGARI'I’HMIS.

924 641 1098 723 HG
1138 639 1242 720 ad
1280 640 1471 741 GN,
1525 640 1749 746 quod
1794 638 1968 718 fieri
2013 640 2266 744 potest
2316 636 2582 746 [Lem.
2623 638 2742 749 5.]
2766 674 2789 739 3
2863 661 2943 722 et
2986 638 3082 721 fit
3128 640 3334 721 ratio
3381 642 3528 721 FG
3575 642 3682 721 ad

924 781 1087 860 GO
1124 806 1213 859 ea
1247 804 1457 886 quae
1492 804 1585 856 ex
1617 776 1831 855 hisce
1864 774 2300 879 composita
2337 776 2699 881 proxime
2733 776 3008 856 minor
3043 778 3152 857 est
3187 777 3502 857 ratione
3537 780 3678 857 FG

925 917 1030 997 ad
1064 916 1266 999 GH.
1368 915 1630 1023 Igitur
1662 912 1869 991 ratio
1906 912 2067 991 OG
2107 911 2210 991 ad
2245 913 2388 990 GP
2423 939 2591 991 una
2634 912 2744 990 est
2789 940 2884 993 ex
2927 912 3142 994 hisce
3187 914 3679 1012 rationibus,

925 1080 1133 1159 quae
1177 1072 1592 1158 propterea
1639 1048 1912 1127 minor
1957 1050 2066 1127 est
2109 1047 2420 1129 ratione
2465 1047 2640 1127 HG
2689 1048 2795 1127 ad
2840 1051 3033 1149 GN,
3109 1076 3360 1156 quare
3412 1051 3678 1131 multo

920 1188 1184 1299 magis
1220 1187 1427 1266 ratio
1464 1185 1635 1264 HG
1674 1184 1778 1263 ad
1814 1185 1957 1262 GP
1992 1184 2266 1264 minor
2299 1184 2408 1265 est
2441 1184 2753 1265 ratione
2785 1187 2960 1268 HG
2995 1186 3102 1266 ad
3145 1186 3338 1284 GN,
3401 1205 3483 1265 et
3528 1185 3678 1266 erit

923 1327 1080 1404 GP
1182 1323 1446 1428 major
1546 1322 1747 1403 GN.

926 1460 1102 1569 [10.
1131 1457 1251 1567 5.]
1310 1458 1549 1539 Ratio
1584 1458 1744 1566 igi-
1887 1436 1943 1512 F
2659 1437 2735 1514 O
2930 1438 3022 1514 H
3146 1438 3205 1514 P
3271 1434 3350 1513 N
3589 1433 3671 1513 G

920 1620 1061 1679 tur
1088 1598 1227 1675 FG
1256 1595 1360 1675 ad
1386 1596 1550 1674 GN
1574 1621 1747 1673 ma·
1894 1567 3672 1615 ........-.....—=..-.-=...a...s.......--

905 1734 1045 1841 jor
1099 1732 1208 1813 est
1252 1732 1560 1812 ratione
1606 1730 1747 1809 FG
1887 1708 1967 1783 K
2419 1706 2518 1785 M
2879 1706 2948 1785 L

919 1871 1027 1952 ad
1060 1870 1230 1951 GP.
1299 1870 1403 1947 Et
1443 1865 1746 1974 quoni-

920 2036 1057 2086 am
1093 2006 1299 2086 ratio
1343 2004 1483 2084 FG
1534 2004 1639 2085 ad
1685 2004 1829 2082 GP
1874 2002 2308 2109 compofita
2357 2006 2468 2085 est
2511 2034 2605 2085 ex
2651 2006 3106 2089 rationibus
3152 2005 3678 2109 radicalibuS,

920 2132 1463 2249 logarithmils
1497 2140 1833 2220 rationis
1872 2142 2011 2218 FG
2051 2141 2157 2220 ad
2191 2141 2354 2219 GN
2391 2142 2650 2246 major
2685 2142 2836 2221 erit
2871 2114 2972 2223 eo·
2999 2144 3335 2225 rationis
3383 2147 3528 2225 FG
3576 2146 3682 2225 ad

920 2281 1067 2358 GP
1106 2274 1287 2383 [per
1322 2276 1495 2359 Cas.
1540 2272 1655 2382 2.]
1707 2297 1785 2354 et
1821 2304 1961 2380 per
1996 2277 2376 2375 eundem,
2442 2278 2982 2385 logarithmus
3017 2278 3356 2359 rationis
3393 2282 3540 2359 FG
3577 2282 3684 2361 ad

920 2416 1065 2497 GP
1100 2412 1359 2517 major
1392 2414 1503 2493 est
1536 2412 2028 2519 logarithmo
2074 2412 2411 2494 rationis
2459 2414 2600 2494 FG
2649 2414 2753 2493 ad
2798 2415 2998 2497 GH.
3101 2416 3375 2495 Multo
3421 2417 3684 2526 igitur

921 2548 1459 2659 logarithmus
1494 2547 1828 2629 rationis
1855 2550 1999 2627 KL
2030 2549 2136 2629 ad
2171 2552 2338 2629 LM
2373 2550 2634 2656 major
2669 2552 2778 2630 est
2812 2551 3306 2660 logarithmo
3337 2554 3686 2635 rationis

922 2688 1062 2769 FG
1103 2688 1206 2765 ad
1242 2687 1443 2767 GH.

1060 2824 1283 2904 CoR.
1322 2848 1389 2905 1.
1428 2824 1529 2903 Et
1562 2819 1621 2900 fi
1657 2842 2003 2927 utraque
2038 2821 2246 2900 ratio
2281 2820 2528 2902 fuerit
2559 2821 2902 2903 minoris
2939 2824 3045 2903 ad
3077 2822 3502 2929 majorem,
3531 2826 3682 2906 erit

924 2958 1464 3067 logarithmus
1501 2956 1865 3055 rationiS,
1930 2956 2162 3061 cujus
2207 2956 2611 3063 reciproca
2657 2958 2918 3063 major
2961 2960 3074 3039 est
3109 2961 3438 3043 alterius
3472 2964 3684 3044 reci-

927 3124 1200 3203 proca,
1250 3096 1511 3200 major
1544 3093 2035 3200 logarithmo
2073 3093 2397 3173 alterius
2432 3093 2798 3177 rationis.

1064 3234 1191 3311 Co
1208 3256 1289 3315 R.
1324 3258 1399 3314 2.
1448 3234 1551 3311 Et
1583 3228 1644 3309 fi
1677 3256 1843 3307 una
1875 3228 2081 3309 ratio
2115 3228 2362 3310 fuerit
2395 3229 2724 3336 majoris
2761 3230 2866 3311 ad
2899 3230 3334 3331 minorem,
3373 3254 3454 3315 et
3490 3236 3678 3315 reli·

930 3398 1093 3475 qua
1128 3367 1470 3449 minoris
1509 3367 1614 3446 ad
1659 3364 2077 3469 majorem,
2129 3364 2278 3445 erit
2324 3365 2864 3474 logarithmus
2909 3366 3248 3449 rationis
3297 3396 3509 3475 quae
3555 3374 3679 3451 vel

931 3506 1161 3608 cujus
1199 3505 1631 3611 reciproca,
1668 3499 1729 3581 fi
1762 3501 2007 3580 fuerit
2041 3502 2385 3581 minoris
2423 3502 2528 3581 ad
2563 3502 2982 3609 majorem,
3031 3502 3292 3609 major
3334 3507 3446 3585 est
3489 3507 3680 3587 reli-

931 3669 1094 3745 qua
1130 3640 1254 3718 vel
1290 3639 1641 3743 ejusdem
1677 3638 2108 3744 reciproca,
2157 3634 2215 3715 fi
2249 3636 2495 3717 fuerit
2528 3639 2838 3745 reliqua
2872 3637 3216 3727 minoris
3265 3641 3370 3722 ad
3414 3643 3677 3749 majo-

927 3803 1131 3874 rem,
1182 3775 1441 3879 major
1475 3774 1625 3856 erit
1660 3773 2152 3881 logarithmo
2186 3752 2580 3880 reliquae3
2631 3774 2853 3855 idem
2887 3776 3112 3856 enim
3145 3776 3255 3856 est
3289 3778 3678 3886 logarith-

928 3938 1115 3990 mus
1152 3912 1485 3993 rationis
1520 3932 1599 3990 et
1633 3910 1803 4015 ejus
1838 3910 2312 4015 reciprocae,
2362 3938 2504 4016 per
2533 3910 2718 3994 Def.
2761 3939 2839 4017 3.

1069 4050 1288 4129 Con.
1330 4074 1405 4153 3.
1453 4048 1677 4127 Hinc
1716 4046 2256 4153 logarithmus
2291 4045 2552 4151 major
2584 4047 2694 4126 est
2725 4046 3086 4150 majoris,
3147 4069 3226 4128 et
3259 4050 3537 4132 minor
3569 4054 3676 4133 est

932 4184 1471 4291 logarithmus
1508 4182 1851 4261 minoris
1886 4181 2254 4280 rationi3‚
2314 4180 2375 4262 fi
2407 4181 2704 4263 scilicet
2733 4205 3081 4289 utraque
3113 4185 3320 4265 ratio
3353 4185 3450 4283 fit
3495 4215 3675 4267 ma-

900 4320 1123 4427 ‘joris
1160 4319 1264 4400 ad
1299 4318 1743 4416 minorem3
1788 4317 1942 4417 vel,
1970 4318 2060 4398 in
2089 4317 2265 4399 aliis
2302 4316 2638 4420 cafibus,
2665 4318 3058 4400 sumendo
3089 4322 3443 4407 rationes
3470 4352 3676 4431 quae

928 4458 1117 4541 sunt
1151 4453 1597 4561 reciprocae
1630 4452 2045 4537 rationum
2081 4455 2420 4539 minoris
2458 4455 2562 4566 ad
2593 4456 3009 4563 majorem.
