4109 5609
854 374 1041 477 408.
1476 368 1671 452 DE
1767 360 2998 461 PORISMATIBUS.

860 616 1014 697 ope
1073 585 1531 671 Porismatis
1590 588 1681 669 in
1726 591 1960 695 Prop.
2004 614 2134 694 23.
2197 588 2662 669 inveniatur
2707 613 3113 696 praeterea
3153 592 3373 671 reeta
3419 588 3624 671 BEZ

862 754 1006 833 per
1050 728 1283 829 Prop.
1328 750 1458 829 24.
1511 753 1719 831 quae
1764 726 2186 806 abscindat
2233 755 2282 806 a
2323 726 2560 807 reffis
2609 730 2788 827 KL,
2841 728 2983 808 ZY
3031 728 3443 837 segmenta
3491 756 3622 805 ae·-

862 862 1141 971 qualia
1162 864 1369 961 NM,
1400 862 1543 942 ZY
1570 863 1779 945 datis
1808 863 2131 968 punffls
2153 865 2286 962 M,
2316 866 2389 943 Y
2411 862 2890 968 adjacentia,
2931 886 3466 972 occurratque
3491 865 3625 945 BZ

860 1004 1123 1082 restae
1157 1000 1301 1079 CD
1336 998 1427 1077 in
1462 1001 1555 1100 E,
1607 1020 1686 1081 et
1717 1002 1861 1079 AE
1882 1000 2286 1107 jungatur
2320 1028 2530 1106 quae
2577 1021 2947 1081 occurrat
2989 1000 3137 1107 ipfi
3182 1004 3309 1081 CF
3351 1003 3446 1080 in
3493 1004 3620 1099 G3

862 1138 1015 1217 erit
1047 1136 1222 1215 HG
1260 1136 1363 1215 ad
1398 1136 1571 1237 Yz,
1622 1158 1717 1216 ut
1751 1164 1803 1213 α
1838 1138 1945 1217 ad
1976 1132 2052 1230 β.
2122 1139 2244 1219 Ex
2279 1138 2868 1219 construetione
2902 1138 3125 1217 enim
3161 1140 3272 1218 est
3303 1139 3488 1217 GH
3523 1138 3628 1217 ad

863 1276 1073 1374 NM,
1125 1295 1221 1355 ut
1254 1300 1307 1351 α
1344 1273 1449 1353 ad
1482 1269 1561 1375 β,
1612 1296 1691 1353 et
1737 1273 2025 1353 itidem
2071 1302 2167 1355 ex
2213 1275 2830 1375 construetione,
2882 1276 2994 1355 est
3041 1278 3220 1354 NM
3267 1275 3628 1399 aequalis

865 1411 1013 1519 ipfi
1048 1410 1233 1507 ZY;
1283 1410 1539 1519 igitur
1574 1412 1685 1491 est
1720 1412 1895 1489 GH
1930 1412 2035 1491 ad
2071 1412 2242 1510 ZY,
2281 1433 2378 1491 ut
2411 1436 2462 1489 α
2497 1410 2604 1493 ad
2633 1408 2712 1508 β.

866 1685 1286 1768 Porismati
1333 1686 1695 1795 sequenti
1739 1684 1977 1765 utilia
2025 1686 2214 1765 sunt
2259 1688 2440 1769 0610
2483 1688 2914 1767 Lemmata
2961 1713 3170 1792 quae
3213 1684 3632 1765 habentur

1001 1823 1093 1902 in
1126 1823 1313 1905 Lib.
1355 1850 1429 1932 7.
1469 1824 1745 1928 Pappi,
1797 1824 1885 1901 in
1922 1826 2154 1929 Prop.
2191 1822 2488 1903 scilicet
2537 1822 2718 1928 136.
2767 1846 2844 1902 et
2880 1824 3181 1927 septem
3218 1822 3628 1928 sequenti-

1000 1962 1192 2061 bus,
1245 1980 1323 2040 et
1358 1960 1737 2067 quamvis
1774 1958 1935 2037 fine
1970 1960 2072 2041 iis
2111 1958 2464 2040 Po'risma
2513 1960 2822 2040 ostendi
2869 1961 3148 2065 potest,
3200 1989 3302 2041 ne
3349 1982 3626 2039 tamen

1004 2126 1288 2179 eorum
1321 2096 1510 2176 usus
1548 2097 2023 2177 Geometras
2061 2096 2372 2177 diutius
2409 2097 2678 2199 lateat,
2707 2098 3134 2177 Lemmata
3161 2090 3249 2177 ea
3283 2098 3420 2195 hic
3457 2120 3627 2176 tra-

1002 2236 1189 2315 dere
1222 2262 1390 2315 non
1428 2232 1714 2313 inutile
1751 2232 2017 2327 visum
2052 2234 2188 2317 est.
2499 2214 2504 2219 ⁸

1760 2512 1821 2587 P
1888 2512 1959 2587 R
2030 2509 2260 2599 ΟΡ.
2401 2484 2712 2591 XXVI.

804 2813 812 2820 Ι
869 2714 1106 2829 Qae
1141 2716 1250 2793 est
1298 2713 1475 2820 136.
1523 2667 1707 2795 Lib.
1752 2740 1827 2825 7.
1866 2714 2144 2819 Pappi,
2200 2734 2278 2793 et
2310 2678 2652 2793 Lernma
2689 2712 2857 2817 ejus
2897 2712 3312 2793 decimum
3347 2715 3438 2793 in
3475 2718 3628 2833 {³0-

1215 2851 1545 2930 rismata
1579 2884 1600 2950 ;
1677 2852 1786 2931 est
1823 2872 2098 2930 autem
2135 2852 2512 2930 conversa
2547 2854 2778 2957 Prop.
2831 2877 2952 2961 17.
2989 2849 3261 2953 hujus·

813 3185 824 3194 „
873 3096 933 3135 ‘⁶
981 3091 1112 3170 IN
1146 3090 1348 3169 duas
1386 3092 1638 3169 rastas
1677 3087 1927 3167 lineas
1964 3088 2202 3185 BAE,
2242 3087 2482 3165 DAG
2519 3088 2728 3167 duae
2762 3089 3021 3167 red'tae
3057 3088 3311 3168 lineae
3349 3089 3452 3168 ab
3489 3028 3630 3170 eo-

872 3232 931 3272 “
981 3227 1171 3306 dem
1208 3227 1513 3333 pumsto
1548 3226 1955 3305 ducantur
1989 3226 2188 3324 HD,
2219 3224 2403 3323 HE,
2444 3244 2521 3303 et
2558 3225 2647 3305 in
2683 3222 2863 3330 ipfis
2902 3225 3332 3305 sumantur
3363 3256 3632 3333 punc·
3787 3293 3790 3296 .

873 3370 933 3409 “
982 3386 1066 3445 ta
1100 3366 1194 3463 C,
1236 3368 1344 3463 F3
1416 3360 1675 3469 fitque
1722 3383 1817 3441 ut
1860 3360 2432 3469 red'tangulum
2479 3361 2704 3468 quod
2749 3362 3212 3442 continetur
3259 3365 3456 3464 DH,
3497 3368 3638 3445 CB

872 3506 933 3547 “
983 3501 1089 3587 ad
1136 3520 1617 3583 contentum
1660 3501 1849 3599 DC,
1898 3500 2101 3601 BH,
2152 3498 2270 3577 ita
2315 3499 2884 3607 reetangulum
2931 3522 3408 3591 contentum
3459 3504 3628 3603 EF,

872 3643 931 3685 “
982 3640 1159 3719 GH
1196 3640 1301 3717 ad
1338 3656 1817 3719 contentum
1853 3638 2037 3735 EH,
2078 3637 2247 3718 FG.
2317 3635 2525 3717 Dico
2559 3638 2866 3717 ree‘tam
2901 3636 3200 3745 lineam
3236 3635 3384 3719 effe
3420 3668 3656 3747 quae·

875 3780 933 3819 ‘⁴
982 3804 1126 3885 per
1159 3778 1465 3883 pundla
1498 3776 1591 3875 C,
1628 3778 1733 3873 A,
1775 3776 1833 3853 F
1866 3771 2222 3855 tranfit.”

1007 4056 1379 4133 Ducatur
1413 4078 1553 4157 per
1588 4052 1678 4130 H
1712 4044 1855 4155 ipfi
1890 4048 2035 4127 CA
2067 4047 2444 4155 parallela
2480 4047 2657 4148 KL,
2699 4076 2905 4153 quae
2941 4076 3134 4128 cum
3157 4050 3330 4149 AB,
3357 4048 3634 4128 Anin

871 4191 1197 4298 punstis
1248 4190 1347 4289 L,
1400 4192 1479 4269 K
1528 4186 2007 4279 conveniat3
2081 4206 2162 4265 et
2221 4214 2364 4293 per
2407 4188 2476 4265 L
2523 4182 2671 4292 ipfi
2715 4186 2869 4264 AD
2917 4186 3294 4291 parallela
3339 4206 3632 4294 agatur

870 4330 1069 4429 LM,
1110 4328 1765 4435 producaturque
1802 4326 1959 4405 EH
2008 4324 2113 4403 ad
2161 4324 2287 4407 M.
2387 4322 2703 4403 Deinde
2751 4350 2892 4429 per
2934 4325 3013 4402 K
3059 4323 3436 4427 parallela
3479 4320 3632 4429 ipfi

870 4469 1011 4550 AB
1050 4467 1396 4548 ducatur
1428 4468 1617 4568 ΚΝ,
1668 4462 1951 4544 etDH
1998 4460 2105 4545 ad
2149 4462 2230 4543 N
2273 4461 2796 4569 producatur.
2901 4462 3184 4569 Itaque
3232 4460 3628 4567 quoniam
