4109 5609
936 443 999 525 4
1315 370 1323 379 ’
1606 410 1823 492 DE
1958 410 3086 503 LIMITIBUS

942 632 1357 743 quantitas
1406 631 1829 715 mutabilis
1876 632 2188 739 semper
2220 630 2482 738 major
2511 631 2764 713 fuerit
2809 632 3266 739 quantitate
3311 635 3534 737 data,
3587 636 3722 717 {ed

943 774 1061 854 ita
1110 771 1381 851 minui
1440 772 1764 877 poterit,
1826 791 1922 851 ut
1974 772 2252 851 minor
2300 769 2444 851 fiat
2495 796 2996 878 quacunque
3038 772 3496 879 quantitate
3529 774 3724 853 data

946 938 1155 1019 quae
1192 908 1455 1014 major
1490 908 1599 988 est
1635 908 1901 1014 prima
1937 909 2396 1016 quantitate
2429 909 2662 1007 data3
2712 907 2804 987 in
2837 930 3189 1015 utroque
3225 910 3412 990 casu
3447 937 3721 1019 quan-

944 1049 1141 1129 titas
1164 1046 1430 1151 prima
1464 1045 1654 1125 data
1689 1045 2011 1125 dicatur
2044 1045 2318 1125 Limes
2357 1045 2840 1153 quantitatis
2879 1046 3326 1129 mutabilis.

1084 1184 1228 1264 IV.
1278 1183 1364 1263 Si
1400 1182 1607 1261 ratio
1642 1182 2062 1263 mutabilis
2102 1182 2412 1287 semper
2445 1183 2720 1263 minor
2751 1180 3002 1261 fuerit
3037 1210 3292 1288 quam
3325 1184 3538 1266 ratio
3575 1184 3719 1265 da-

947 1344 1059 1420 ta,
1102 1302 1269 1399 'sed
1314 1320 1428 1399 ita
1490 1321 1767 1427 augeri
1816 1319 2138 1425 poterit,
2211 1341 2308 1398 ut
2354 1319 2613 1424 major
2673 1314 2819 1398 fiat
2863 1319 3179 1399 ratione
3226 1348 3722 1429 quacunque

950 1460 1141 1537 data
1178 1485 1385 1563 quae
1420 1456 1695 1537 minor
1740 1457 1850 1536 est
1884 1455 2196 1535 ratione
2225 1455 2506 1561 prima,
2533 1456 2765 1554 data3
2841 1458 2967 1534 vel
3001 1454 3060 1535 fi
3094 1457 3304 1536 ratio
3348 1460 3718 1539 mutabi-

833 1648 841 1653 -
952 1594 1053 1675 lis
1091 1594 1409 1697 semper
1430 1592 1691 1697 major
1722 1592 1971 1672 fuerit
2008 1620 2265 1699 quam
2301 1593 2510 1671 ratio
2545 1593 2763 1691 data,
2801 1592 2937 1671 sed
2970 1593 3087 1673 ita
3121 1594 3390 1675 minui
3428 1597 3724 1701 poterit

952 1752 1049 1811 ut
1072 1729 1357 1808 'minor
1404 1728 1545 1808 fiat
1591 1730 1902 1811 ratione
1950 1756 2440 1836 quacunque
2475 1729 2666 1809 data
2713 1756 2920 1835 quae
2967 1729 3229 1835 major
3262 1732 3372 1809 est
3408 1733 3727 1813 ratione

954 1867 1221 1975 prima
1258 1866 1489 1963 data3
1556 1867 1647 1945 in
1682 1888 2030 1973 utroque
2068 1867 2252 1947 casu
2288 1866 2608 1946 dicatur
2641 1866 2848 1946 ratio
2896 1868 3161 1973 prima
3207 1868 3398 1948 data
3442 1870 3720 1949 Limes

955 2004 1292 2085 rationis
1341 2004 1792 2103 mutabilis,
1844 2004 1934 2081 in
1980 2003 2259 2109 primo
2283 2002 2590 2084 scilicet·
2617 2004 2803 2083 casu
2835 2003 3160 2083 dicatur
3190 2004 3466 2088 Limes
3516 2006 3726 2089 cres-

958 2142 1211 2223 centis
1258 2139 1624 2241 rationis,
1676 2141 1766 2219 in
1812 2141 2088 2239 altero,
2139 2140 2412 2220 Limes
2450 2139 2972 2223 decrescentis
3007 2141 3375 2225 rationis.

1996 2418 2498 2501 P-ROP.
2634 2418 2708 2499 Ι.

966 2693 1028 2735 “·
1074 2690 1273 2773 SIT
1316 2692 1457 2771 AB
1505 2696 1723 2774 ree'ta
1768 2694 1986 2793 data,
2036 2694 2182 2773 AC
2233 2713 2506 2773 autem
2556 2691 2866 2799 semper
2909 2692 3182 2773 minor
3215 2690 3313 2772 fit
3347 2692 3517 2799 ipsa
3551 2696 3724 2797 AB,

968 2830 1025 2870 ‘⁸
1078 2829 1210 2909 sed
1249 2856 1457 2939 quae
1494 2831 1771 2939 augeri
1820 2831 2114 2935 poterit
2147 2830 2262 2909 ita
2297 2850 2391 2909 ut
2427 2828 2770 2911 exceffus
2805 2832 2948 2909 AB
2984 2831 3226 2935 supra
3260 2830 3522 2934 ipsam
3561 2834 3726 2913 mi-

969 2966 1025 3007 “
1077 2992 1229 3045 nor
1266 2967 1560 3073 poterit
1595 2966 1769 3046 fieri
1807 2966 2096 3073 quavis
2134 2966 2350 3047 reeta
2374 2967 2598 3065 data,
2619 2968 2774 3045 hoc
2812 2968 2921 3047 est
2959 2963 3050 3044 fit
3079 2968 3226 3045 AB
3257 2967 3491 3048 limes
3529 2969 3726 3049 cres-

971 3104 1029 3143 “
1080 3104 1331 3183 centis
1369 3104 1627 3184 reeiae
1661 3105 1829 3185 AC.
1924 3104 2542 3184 ostendendum
2585 3105 2722 3201 est,
2772 3104 3174 3183 rationem
3215 3106 3725 3211 aequalitatis

970 3241 1031 3280 “
1078 3238 1427 3321 limitem
1464 3237 1612 3319 effe
1645 3240 1981 3320 rationis
2032 3241 2176 3319 AC
2223 3240 2329 3319 ad
2373 3242 2562 3337 AB;
2638 3241 2792 3320 hoc
2843 3241 2955 3320 est
2999 3242 3397 3321 rationem
3441 3244 3590 3321 AC
3625 3242 3726 3323 ad

971 3378 1029 3417 “
1077 3377 1253 3474 AB,
1293 3373 1505 3483 poffe
1530 3376 1919 3481 majorem
1956 3376 2132 3456 fieri
2169 3376 2456 3482 quavis
2493 3376 2804 3457 ratione
2838 3377 3029 3459 data
3067 3405 3274 3484 quae
3305 3378 3586 3459 minor
3619 3380 3727 3459 est

970 3513 1030 3553 ‘⁵‘
1078 3512 1394 3593 ratio‘ne
1429 3510 2014 3619 aequalitatis?

1104 3785 1226 3866 Sit
1262 3784 1485 3864 enim
1519 3786 1725 3866 ratio
1759 3786 1948 3866 data
1984 3813 2083 3867 ea
2112 3814 2364 3894 quam
2397 3786 2643 3866 habet
2665 3789 2820 3867 AD
2857 3786 2960 3868 ad
2983 3788 3158 3891 AB,
3197 3790 3309 3870 est
3341 3786 3602 3899 igitur
3635 3815 3728 3870 a

970 3919 1391 4030 hypothesi
1404 3922 1559 4001 AD
1584 3922 1859 4005 minor
1880 3926 2066 4005 AB:

975 4080 1055 4139 et
1102 4058 1497 4165 quoniam
1542 4059 1733 4141 data
1778 4060 1887 4140 est
1932 4062 2076 4139 AB
2155 4062 2238 4139 A
3199 4065 3268 4143 C
3357 4066 3440 4144 D
3547 4064 3616 4143 E
3662 4064 3727 4143 Β

979 4218 1061 4275 et
1105 4196 1315 4277 ratio
1359 4223 1613 4303 quam
1659 4195 1765 4275 ad
1811 4196 2098 4301 ipsam¹

978 4332 1226 4414 habet
1258 4336 1443 4433 AD,
1472 4331 1804 4412 dabitur
1816 4334 2001 4435 AD,
2030 4360 2282 4441 quare
2319 4355 2395 4413 et
2429 4336 2618 4433 DB;
2670 4334 2964 4441 poterit
2995 4333 3251 4441 igitur
3282 4336 3428 4414 AC
3452 4335 3730 4443 augeri

980 4468 1094 4549 ita
1127 4492 1225 4557 ut
1254 4467 1599 4553 exceffus
1633 4471 1777 4551 AB
1811 4470 2051 4603 supra
2087 4470 2342 4581 ipsam
2377 4470 2651 4555 minor
2687 4470 2829 4553 fiat
2862 4472 3078 4554 reeca
3103 4474 3291 4555 DB:
3337 4494 3732 4585 augeatur
