4109 5609
888 430 995 493 228
1712 414 2915 483 APPENDIX.

1040 608 1123 667 'In
1150 607 1255 666 BE
1284 598 1578 665 sumantur
1602 600 1739 672 BG,
1774 600 1909 671 BH,
1940 613 2191 681 utraque
2225 597 2480 680 aequans
2511 595 2613 679 ipfi
2651 599 2778 668 BC,
2812 611 2872 659 et
2906 596 3264 679 producatur
3289 602 3402 663 BH
3426 601 3500 663 ad
3526 604 3584 665 K
3617 606 3700 666 ita

944 718 1029 765 ¹ut
1062 704 1179 763 HK
1218 700 1471 783 aequalis
1504 698 1577 761 fit
1599 696 1705 781 ipsi
1734 700 1865 768 HE,
1898 711 1961 759 et
1982 696 2058 759 ad
2092 695 2308 758 restam
2339 699 2450 757 KE
2483 696 2808 777 applicetur
2831 695 3236 780 rectangulurn
3271 701 3430 761 KFE
3453 703 3706 782 aequale

952 799 1299 882 reitangulo
1324 800 1456 869 HE,
1493 798 1605 859 EG
1631 795 1903 858 deficiens
1936 794 2258 875 quadrato;
2312 789 2670 857 describatur
2693 813 2834 855 vero
2866 792 3034 875 super
3059 798 3164 857 BC
3191 794 3604 869 stmicirculuS,
3633 814 3701 861 et

948 898 1211 959 ducatur
1234 894 1391 959 πᾶα
1414 898 1523 957 ΒΝ
1545 892 1649 974 ipfi
1676 896 1779 955 BC
1804 892 1877 953 ad
1902 892 2095 955 rectos
2117 891 2391 973 anguloe3
2427 890 2683 973 aequalis
2705 910 2846 953 vero
2869 890 2974 973 ipsi
3001 896 3120 965 FE,
3155 908 3215 955 et
3241 914 3344 975 per
3367 899 3425 959 N
3449 896 3702 959 ducatur

956 995 1123 1058 recta
1153 992 1421 1077 parallela
1440 989 1546 1074 ipss
1575 994 1699 1063 Bc,
1733 1005 2120 1071 occurratque
2153 986 2650 1052 circumferentiae
2684 990 2744 1049 in
2769 992 2846 1057 A,
2883 1004 2944 1050 et
2968 991 3296 1073 jungantur
3327 997 3458 1063 AB,
3493 998 3606 1055 AC
3639 1010 3702 1057 et

958 1092 1212 1155 ducatur
1235 1093 1353 1153 AD
1378 1089 1863 1173 perpendicularis
1882 1086 1957 1148 ad
1981 1091 2108 1151 BC.
2160 1088 2294 1150 Erit
2317 1088 2478 1147 ABC
2507 1088 2861 1169 triangulum
2886 1088 3314 1158 inveniendum.
3349 1090 3464 1153 hoc
3483 1090 3570 1153 est
3587 1095 3704 1153 erit

958 1193 1069 1254 AF
1096 1188 1353 1272 aequalis
1376 1186 1481 1270 ipfi
1508 1190 1638 1259 AC,
1672 1206 1805 1249 nam
1839 1184 1953 1247 hoc
1984 1181 2231 1258 ostens0,
2264 1186 2406 1267 quia
2437 1186 2538 1247 PE
2571 1186 2828 1267 aequalis
2859 1184 2947 1247 est
2979 1186 3172 1250 rectae
3193 1190 3333 1257 AD,
3367 1204 3542 1252 erunt
3561 1193 3696 1269 BA,

960 1291 1103 1360 AD,
1138 1291 1247 1350 AC
1274 1285 1443 1348 simul
1461 1286 1728 1369 aequales
1750 1283 1920 1346 datae
1936 1283 2128 1346 restae
2149 1286 2274 1346 BE.

1058 1386 1358 1471 Qoniam
1389 1385 1545 1447 enim
1576 1382 1981 1464 rectangulum
2024 1384 2151 1453 KF,
2202 1384 2302 1443 FE
2335 1381 2574 1463 aequale
2621 1378 2704 1443 est
2745 1402 2822 1444 ex
2867 1380 3320 1445 Constmffione
3350 1383 3700 1467 rectangulo

954 1487 1095 1557 HE,
1130 1486 1267 1555 EG,
1302 1500 1611 1547 commune
1632 1480 1881 1543 addatur
1910 1480 2266 1561 quadratum
2295 1498 2373 1541 ex
2393 1480 2530 1551 BG,
2561 1481 2752 1541 eterit
2783 1480 3138 1562 quadratum
3161 1502 3240 1543 ex
3271 1484 3386 1543 BG
3423 1500 3537 1544 una
3559 1502 3700 1544 cum

956 1580 1303 1664 refiangulo
1338 1581 1464 1649 KP,
1513 1581 1612 1641 FE
1645 1577 1885 1659 aequale
1922 1578 2024 1656 [6.
2053 1576 2154 1649 2.]
2189 1576 2480 1659 quadrato
2510 1595 2590 1638 ex
2625 1580 2752 1640 BE.
2821 1581 3174 1659 Apponatur
3205 1598 3516 1643 commune
3551 1600 3700 1661 qua-

960 1678 1197 1741 dratum
1217 1698 1295 1740 ex
1318 1680 1441 1748 FE,
1472 1692 1535 1739 et
1555 1675 1909 1758 quadratum
1932 1696 2015 1737 ex
2042 1679 2152 1735 BG
2184 1694 2298 1735 una
2319 1694 2454 1738 cum
2489 1673 2832 1757 restangulo
2855 1678 2986 1747 ΚΕ,
3025 1679 3125 1737 EF
3153 1676 3268 1738 hoc
3297 1674 3382 1737 est
3415 1696 3532 1739 una
3563 1698 3701 1740 cum

961 1776 1306 1858 restangulo
1328 1776 1461 1846 HE,
1497 1777 1599 1836 EF
1623 1772 1733 1847 bis,
1764 1773 2005 1855 aequale
2028 1774 2140 1835 erit
2165 1772 2464 1853 quadratis
2485 1792 2564 1835 ex
2585 1776 2709 1847 BE,
2739 1774 2861 1846 EF,
2897 1774 3012 1835 hoc
3031 1772 3113 1835 est
3143 1778 3216 1855 [7
3233 1820 3250 1840 .
3281 1772 3383 1846 2.]
3411 1776 3704 1856 quadrato

960 1894 1042 1936 ex
1068 1878 1169 1935 BF
1206 1892 1317 1935 una
1350 1890 1487 1935 cum
1520 1871 1859 1955 restangulo
1882 1874 2007 1944 BE,
2044 1873 2144 1932 EF
2165 1869 2272 1933 bis,
2347 1867 2670 1933 Auferatur
2696 1890 3025 1941 commune,
3061 1872 3466 1954 reclaugulum
3491 1869 3706 1935 scilicet

962 1974 1093 2043 BE,
1128 1974 1225 2033 EF
1261 1972 1373 2042 bis,
1408 1983 1469 2031 et
1500 1970 1855 2052 quadratum
1873 1988 1951 2030 ex
1975 1972 2109 2039 BG,
2143 1966 2254 2029 hoc
2277 1965 2360 2029 est
2383 1988 2460 2030 ex
2487 1971 2613 2042 BC,
2653 1987 2768 2029 una
2790 1987 2926 2030 cum
2949 1969 3294 2052 vediangulo
3319 1972 3449 2046 ΗΒ,
3485 1973 3590 2031 EF
3613 1972 3704 2033 bis

960 2070 1203 2151 aequale
1224 2072 1335 2132 erit
1356 2068 1645 2150 quadrato
1668 2088 1744 2131 ex
1766 2068 1885 2130 BF.
1934 2067 2232 2150 Qoniam
2251 2086 2392 2128 vero
2411 2064 2605 2127 reCkus
2627 2064 2712 2127 est
2731 2067 2982 2149 angulus
3001 2070 3183 2140 BAC,
3209 2068 3323 2129 erit
3345 2068 3702 2149 quadratum

960 2186 1039 2229 ex
1060 2170 1164 2229 BC
1188 2166 1427 2249 aequale
1447 2164 1743 2246 quadratis
1764 2184 1843 2228 ex
1864 2168 1993 2234 BA,
2028 2167 2158 2237 AC,
2192 2180 2252 2224 et
2273 2162 2678 2247 restangulum
2703 2166 2829 2233 BC,
2865 2167 2984 2226 AD
3005 2164 3114 2239 bie,
3147 2165 3264 2228 hoc
3285 2164 3370 2227 est
3389 2166 3700 2249 restangu-

958 2266 1089 2329 lum
1114 2268 1246 2334 ΗΒ,
1282 2266 1382 2325 EF
1404 2264 1494 2325 bis
1514 2264 1753 2346 aequale
1777 2262 1886 2325 erit
1910 2261 2252 2342 restangulo
2277 2264 2406 2333 BA,
2441 2264 2549 2323 AC
2586 2262 2696 2323 bis.
2767 2264 2958 2343 Igitur
2981 2262 3332 2343 quadratum
3353 2282 3432 2325 ex
3451 2268 3557 2325 BC
3589 2284 3704 2325 una

959 2370 1100 2425 curn
1120 2348 1462 2444 refrangul'o
1494 2364 1627 2433 ΗΒ,
1662 2362 1763 2422 EF
1789 2360 1876 2422 bis
1910 2360 2150 2441 aequale
2185 2356 2268 2421 est
2289 2359 2589 2442 quadratis
2623 2379 2702 2421 ex
2739 2362 2868 2433 BA,
2903 2362 3012 2421 AC
3043 2380 3158 2421 una
3193 2380 3328 2425 cum
3364 2361 3708 2445 rectangulo

960 2462 1095 2531 BA,
1129 2461 1239 2520 AC
1268 2458 1377 2533 bis,
1408 2457 1529 2521 hoc
1552 2456 1637 2520 est
1674 2463 1777 2537 [4.
1806 2456 1907 2529 2.]
1946 2456 2234 2539 quadrato
2258 2477 2336 2519 ex
2360 2461 2489 2531 BA,
2525 2460 2634 2519 AC
2662 2473 2940 2538 tanquam
2973 2478 3090 2519 una
3123 2458 3300 2529 reeta,
3331 2458 3496 2541 qnod
3527 2480 3704 2541 prop·

962 2570 1121 2619 terea
1141 2556 1381 2638 aequale
1400 2557 1509 2619 erit
1533 2556 1821 2639 quadrato
1854 2574 1931 2617 ex
1966 2557 2090 2619 BF.
2161 2554 2260 2616 Est
2292 2556 2472 2637 igitur
2488 2543 2616 2617 ‘BA
2647 2572 2762 2615 una
2787 2574 2924 2617 cum
2947 2558 3055 2617 AC
3075 2556 3334 2639 aequalis
3369 2556 3560 2619 reftae
3581 2560 3702 2631 BF,

950 2669 1021 2715 et
1046 2653 1181 2716 ideo
1204 2653 1363 2715 recta
1388 2655 1498 2716 AC
1528 2654 1785 2735 aequalis
1806 2651 1888 2715 est
1922 2652 2027 2736 ipfi
2063 2655 2193 2726 AF,
2229 2670 2288 2717 et
2313 2666 2619 2735 propterea
2643 2651 2802 2716 recta
2833 2654 2938 2715 BE
2971 2655 3228 2736 aequalis
3259 2652 3342 2717 est
3373 2654 3549 2717 rectis
3573 2658 3702 2727 BA,

960 2754 1095 2831 Ae,
1128 2754 1250 2815 AD
1272 2750 1463 2816 fimul.
1532 2754 1713 2838 QE.
1739 2754 1823 2816 D.

2030 3046 2080 3107 P
2131 3048 2188 3108 R
2240 3047 2297 3110 Ο
2345 3048 2420 3109 Β.
2519 3048 2632 3111 111.

1768 3236 1873 3301 Est
1906 3224 2250 3326 praecedens
2281 3240 2608 3325 generalius
2643 3238 2892 3307 factum.

960 3446 1007 3473 “
1041 3440 1301 3501 DATIS
1324 3439 1387 3501 in
1414 3435 1707 3533 triangulo
1728 3438 1911 3512 ΒΑΕ,
1948 3440 2009 3501 in
2033 3458 2159 3521 quo
2182 3438 2430 3523 angulus
2449 3441 2614 3501 BAC
2635 3459 2754 3502 non
2775 3438 2858 3503 est
2879 3438 3076 3503 restas
3095 3438 3190 3503 fied
3209 3439 3402 3512 datur,
3435 3436 3556 3503 ban
3581 3438 3705 3510 Bc,

954 3539 1005 3570 ‘⁸
1040 3552 1101 3599 et
1124 3534 1345 3599 summa
1370 3534 1767 3620 perpendiculi
1786 3538 1923 3606 AD,
1960 3550 2021 3598 et
2042 3538 2294 3599 laterum
2315 3540 2446 3610 BA,
2477 3540 2626 3613 Ae,
2671 3540 2932 3603 invenire
2955 3540 3377 3623 triangulum.”

1058 3728 1307 3792 Fadium
1334 3726 1424 3799 fit,
1459 3745 1520 3793 et
1540 3728 1899 3811 producatur
1921 3730 2076 3794 latus
2101 3733 2209 3794 BA
2235 3732 2310 3795 ad
2336 3736 2408 3804 E,
2445 3730 2636 3815 fitque
2668 3736 2774 3795 BE
2806 3733 3064 3817 aequalis
3087 3734 3503 3817 perpendiculo
3533 3749 3595 3798 et
3625 3732 3708 3797 la-

958 3828 1185 3891 teribus
1205 3826 1395 3899 fimul,
1430 3842 1489 3890 et
1512 3843 1817 3910 propterea
1842 3830 2014 3904 data3
2067 3846 2129 3893 et
2149 3828 2220 3917 fit
2239 3834 2346 3895 AF
2370 3833 2627 3911 aequalis
2659 3832 2824 3895 lateri
2859 3836 2991 3907 AC,
3025 3835 3136 3896 erit
3159 3836 3340 3915 igitur
3373 3836 3472 3897 ΓΕ
3495 3850 3712 3915 aequa-

956 3926 1033 3989 lis
1070 3924 1483 4009 perpendiculo
1516 3926 1658 3989 AD.
1742 3928 1872 3989 Fiat
1911 3942 2160 4011 utraque
2194 3932 2328 4001 BG,
2379 3932 2490 3991 BH
2527 3930 2786 4011 aequalis
2817 3930 2938 3992 basi
2983 3934 3109 3995 BC.
3194 3933 3496 4015 Qoniam
3528 3932 3713 4013 igitur

956 4025 1135 4087 datus
1154 4021 1237 4087 est
1264 4024 1513 4107 angulus
1538 4024 1721 4095 BAC,
1755 4036 1815 4088 et
1836 4023 1919 4087 est
1948 4028 2047 4087 BF
2071 4026 2328 4109 aequalis
2351 4026 2628 4091 lateribus
2653 4030 2782 4099 BA,
2811 4030 2919 4091 AC
2949 4027 3140 4100 fimul,
3173 4028 3414 4091 habebit
3449 4034 3587 4111 [per
3617 4045 3652 4108 7
3671 4036 3710 4093 6

960 4122 1147 4195 Dae]
1198 4120 1453 4185 excessus
1485 4119 1756 4203 quadrati
1790 4140 1869 4185 ex
1901 4125 2001 4185 BF
2026 4121 2198 4206 supra
2230 4124 2586 4205 quadratum
2621 4145 2700 4187 ex
2731 4122 2864 4189 base
2895 4129 2999 4188 BC
3033 4126 3106 4188 ad
3137 4128 3492 4210 triangulum
3523 4129 3712 4199 ABC,

958 4236 1021 4283 et
1047 4236 1353 4304 propterea
1382 4218 1457 4282 ad
1488 4219 1739 4300 duplum
1764 4219 1943 4301 ipsius
1964 4220 2372 4305 ree-clangulum
2398 4226 2524 4296 BC,
2559 4225 2700 4295 AD,
2735 4224 2852 4286 hoc
2876 4222 2957 4286 est
2983 4226 3114 4297 ΗΒ,
3153 4228 3274 4297 FE,
3301 4226 3582 4288 rationem
3609 4228 3716 4285 da-

962 4334 1105 4383 tam.
1188 4316 1469 4381 Excess‘us
1499 4331 1697 4379 autem
1728 4317 1825 4381 ille
1858 4320 2116 4401 aequalis
2139 4318 2244 4392 est,
2275 4322 2416 4403 quia
2448 4324 2558 4383 BG
2593 4324 2852 4404 aequalis
2883 4320 3024 4394 basi,
3059 4323 3402 4406 refrangulo
3433 4325 3562 4397 HF,
3599 4324 3712 4385 PG
3743 4352 3752 4361 ·

960 4418 1078 4501 [6.
1114 4414 1211 4493 2.]
1247 4417 1383 4481 data
1416 4416 1597 4503 igitur
1620 4412 1703 4479 est
1732 4419 1883 4482 ratio
1906 4418 2232 4505 restanguli
2263 4420 2392 4497 HF,
2427 4422 2532 4486 FG
2567 4420 2638 4485 ad
2675 4416 2866 4507 ipsum
2897 4423 3032 4495 ΗΒ,
3081 4423 3204 4487 FE.
3275 4422 3366 4489 Sit
3397 4424 3548 4486 ratio
3569 4421 3713 4485 haec
