4109 5609
884 411 1043 496 352
1514 381 1699 464 DE
1798 375 3016 468 PORtsMATlssUS.

886 609 949 672 -‘''‘
999 603 1407 712 punctum
1442 601 1809 710 aliquod,
1838 631 1888 682 a
1914 625 2082 710 quo
2115 598 2176 682 fi
2209 602 2624 684 ducantur
2653 607 2917 686 rectae
2943 607 3048 686 ad
3083 610 3390 712 punc'ta
3417 631 3692 713 quae—.

890 747 953 790 “
1002 741 1125 866 vis
1168 807 1189 826 .
1210 804 1229 825 .
1250 803 1271 826 .
1306 739 1849 823 continebunt
1895 740 2080 821 illae
2123 739 2638 852 triangulum
2681 743 2940 850 specie
2985 743 3302 828 datum.
3411 747 3666 862 Qod

894 885 953 926 ‘⁴
1002 881 1297 962 datum
1354 881 1467 962 est
1524 879 1861 987 aliquod
1924 880 2334 986 punctum
2379 909 2428 961 a
2475 909 2644 989 quo
2687 879 2748 962 fi
2793 881 3206 964 ducantur
3249 886 3512 966 rectae
3558 886 3665 966 ad

892 1024 954 1066 “
1001 1021 1309 1130 puncta
1334 1017 1669 1128 quaevis
1700 1079 1720 1102 .
1740 1080 1761 1100 .
1783 1081 1804 1102 .
1830 1016 2308 1099 abscindent
2331 1020 2518 1102 illae
2536 1017 2582 1096 e*
2615 1017 2883 1100 circulo
2915 1023 3288 1128 aequales
3315 1022 3666 1104 circum·

890 1163 951 1206 ‘⁴
1000 1157 1409 1240 ferendas.
1516 1156 1785 1273 Qod
1800 1157 2020 1238 recta
2058 1218 2081 1241 .
2100 1219 2120 1240 .
2140 1217 2160 1238 .
2197 1157 2326 1237 vel
2359 1161 2739 1274 parallela
2775 1161 2928 1242 erit
2964 1157 3351 1266 positione
3395 1161 3662 1263 datae,

888 1303 952 1344 “
995 1293 1138 1378 vel
1160 1311 1435 1405 verget
1469 1298 1574 1376 ad
1600 1297 1853 1375 datum
1872 1295 2252 1400 pandum,
2273 1297 2398 1377 vel
2425 1323 2622 1379 cum
2645 1299 3008 1406 quadam
3045 1297 3204 1376 alia
3237 1301 3454 1380 recta
3489 1327 3666 1380 ver-

888 1440 957 1481 “‘
1006 1437 1139 1520 sus
1175 1439 1583 1545 punctum
1615 1435 1909 1516 datum
1941 1455 2324 1542 vergente
2357 1435 2650 1518 datum
2681 1436 3138 1518 continebit
3183 1463 3286 1515 an
3292 1435 3664 1546 gulum.’‘

894 1576 1237 1657 Habent
1304 1579 1581 1656 autem
1648 1597 1809 1655 tres
1878 1571 2422 1654 Porismatum
2487 1573 2722 1656 Libri
2781 1577 3212 1656 Lemmata
3275 1599 3460 1655 xxx
3473 1599 3664 1660 vm.

890 1713 1435 1796 Theoremata
1469 1741 1659 1794 vero
1698 1737 1749 1792 c
1762 1737 1813 1791 L
1826 1735 2011 1793 xx1.
2095 1713 2520 1796 Hactenus
2553 1716 2900 1820 PappuS.

1030 1990 1553 2100 Perspicuum
1610 1989 1725 2069 est
1782 1985 2360 2096 propofitiones
2405 1987 2554 2070 has
2601 2016 2914 2089 omneS,
2987 1987 3258 2095 prima
3307 1989 3660 2097 excepta,

890 2130 1241 2214 omnino
1274 2155 1609 2210 mancas
1656 2147 1737 2207 et
1780 2125 2296 2234 imperfectas
2343 2125 2519 2210 effe.
2621 2122 2924 2208 Paucas
2973 2125 3312 2235 quidem
3357 2153 3664 2238 magno

894 2271 1171 2352 labore
1204 2266 1842 2364 enucleavimus,
1893 2291 1989 2344 ex
2023 2263 2330 2372 quibus
2365 2263 2940 2372 praestantiam
2973 2264 3545 2366 Por-ismarum,
3586 2283 3666 2348 et

898 2433 1157 2515 quam
1190 2405 1547 2486 maxime
1582 2429 1869 2486 eorum
1888 2401 2214 2508 jaetura
2258 2399 2722 2486 Geometris
2769 2403 3268 2512 deploranda
3299 2403 3424 2504 fit,
3473 2403 3666 2513 dig-

898 2545 1221 2627 noscere
1258 2542 1471 2627 licet.
3621 2539 3630 2546 ’

907 2755 915 2760 .
1030 2685 1341 2764 Decem
1388 2708 1581 2762 vero
1628 2678 1827 2761 Loci
1877 2678 2027 2787 qui
2085 2679 2178 2758 in
2223 2678 2494 2786 prima
2537 2681 3192 2788 praecedentium
3239 2677 3666 2788 Propofitiz

893 2850 1160 2904 onum
1205 2818 1711 2932 generalium
1756 2817 2418 2918 continebantur,
2491 2819 2878 2900 viden-tur
2921 2816 3158 2901 fuiffe
3201 2819 3292 2900 hi
3351 2818 3499 2926 qui
3546 2817 3666 2898 se·

898 2981 1301 3072 quuntur.
3257 2951 3262 2958 ’

1572 3229 2070 3312 LOCUS
2135 3229 2200 3316 Ι.
2338 3229 2740 3315 PROP.
2807 3235 2994 3316 vn.

901 3513 968 3558 ‘⁸‘
1014 3508 1120 3589 SI
1154 3506 1465 3590 fuerint
1500 3527 1857 3614 quatuor
1888 3509 2152 3589 rectae
2183 3533 2544 3614 quarum
2573 3507 2784 3588 duae
2819 3507 3010 3590 sunt
3043 3507 3260 3588 inter
3290 3505 3372 3588 st:
3403 3505 3669 3616 paml-

908 3651 969 3694 “
1018 3647 1243 3746 lelae,
1282 3667 1365 3726 et
1394 3644 1489 3726 in
1516 3669 1689 3725 una
1720 3643 2025 3724 harum
2054 3645 2250 3727 data
2267 3641 2428 3724 fint
2449 3645 2619 3730 duo
2641 3647 2950 3754 puncta
2973 3645 3664 3746 interfectionum,

910 3789 972 3830 “
1018 3783 1337 3890 reliqua
1368 3809 1559 3864 vero
1592 3781 2264 3864 interseffionum.
2301 3783 2610 3891 puncta
2653 3807 2965 3892 praeter
3007 3809 3278 3866 unum
3325 3803 3672 3894 tangant

912 3925 972 3966 ‘⁴
1020 3923 1275 4004 rectas
1310 3921 1725 4030 parallelas
1760 3919 2154 4028 politione
2195 3923 2470 4022 datas;
2541 3943 2826 4034 tanget
2869 3923 3120 4004 etiam
3162 3917 3324 4004 hoc
3365 3923 3673 4004 restam
3735 3965 3746 3976 ·

910 4063 971 4104 “
1017 4057 1410 4169 pofitione
1450 4054 1810 4142 datam.”

1048 4335 1251 4420 Cas.
1298 4362 1371 4420 ι.
1414 4335 1781 4452 Qando
1811 4337 2027 4418 duae
2069 4333 2430 4446 reliquae
2472 4361 2570 4417 ex
2601 4357 2956 4445 quatuor
2999 4334 3240 4419 rectis
3283 4333 3474 4416 sunt
3515 4333 3674 4417 eti·-

912 4472 1889 4585 amintes-separandae,
1936 4473 2614 4588 hocestquando
2649 4475 3296 4587 quanmressae
3327 4472 3678 4584 paralle-
