4109 5609
776 341 781 348 ’
906 421 1063 481 202
1247 397 1418 476 DE
1483 395 2186 486 SECTIONE·
2247 395 3297 484 DETERMINATA

628 2540 656 2570 ⁸
684 2552 783 2616 ⁸9·
814 2553 870 2614 5.

899 615 1135 698 Datis
1183 615 1439 724 igitur
1483 615 1573 694 in
1618 616 1834 696 refia
1880 615 2094 696 linea
2139 615 2404 698 tribus
2451 617 2778 723 punffls
2821 620 2930 720 A,
2969 621 3066 720 E,
3101 622 3184 699 D
3230 619 3669 702 invenien-

903 753 1113 833 dum
1144 755 1255 834 est
1290 774 1681 861 quartum
1726 753 1791 831 C
1839 773 2076 832 extra·
2094 752 2264 859 ipsa
2310 754 2536 861 quod
2583 754 2828 834 faciet
2873 759 3442 862 restangulum
3487 757 3655 856 EC,

904 892 1049 970 CD
1084 919 1131 969 a
1165 889 1595 998 segmentis
1632 889 1845 968 inter
1877 889 2146 994 ipsum
2171 913 2250 970 et
2285 891 2452 970 duo
2477 894 2780 997 pund&
2805 891 2880 971 ei
2913 892 3290 1000 propiora
3324 893 3428 974 ad
3455 919 3655 1001 qua-

904 1027 1235 1106 dratum
1269 1056 1363 1108 ex
1396 1027 1809 1134 segmento
1842 1027 1986 1104 AC
2020 1024 2234 1106 inter
2266 1025 2535 1132 ipsum
2570 1049 2650 1108 et
2680 1027 3094 1136 reliquum
3139 1032 3545 1134 pumstum
3577 1029 3659 1109 A

903 1164 994 1242 in
1028 1162 1339 1244 ratione
1372 1165 1589 1262 data,
1638 1162 1865 1268 quod
1900 1161 2239 1268 quidem
2272 1161 2412 1244 fiet
2447 1191 2598 1271 ope
2632 1168 2862 1272 Prop.
2901 1195 3036 1272 55.
3073 1194 3284 1273 quae
3315 1167 3429 1248 est
3461 1164 3661 1273 Epi-

904 1321 1185 1410 tagma
1229 1327 1303 1384 2.
1352 1297 1589 1381 Prob.
1632 1297 1709 1380 6.
1755 1298 1947 1381 Lib.
1992 1326 2062 1382 1.

1042 1575 1285 1654 PARS
1326 1599 1401 1655 2.
1460 1571 1581 1666 Sit
1618 1571 2112 1678 quadratum
2147 1599 2242 1650 ex
2275 1574 2409 1652 CB
2444 1572 2722 1653 minus
2761 1571 3170 1680 quadrato·
3194 1603 3288 1654 ex
3321 1576 3466 1656 Ac
3511 1573 3668 1654 da·-

903 1734 1021 1812 to,
1074 1737 1327 1819 quam
1360 1709 1452 1788 in
1487 1709 1835 1806 ratione;
1902 1707 2185 1816 igitur,
2235 1737 2330 1788 ex
2365 1707 2810 1817 hypothefi,
2863 1709 3504 1816 quadratum.ex
3526 1712 3662 1791 CB

903 1875 1076 1928 una
1110 1875 1304 1930 cum
1337 1846 1590 1952 spatio
1626 1845 1847 1944 dato,
1909 1845 2136 1951 quod
2167 1843 2264 1925 fit
2299 1846 2796 1953 quadratum
2831 1875 2927 1926 ex
2959 1849 3316 1948 restaD,
3379 1849 3664 1930 datam
3691 1857 3714 1868 ’

908 1984 1157 2065 habet
1187 1983 1587 2065 rationem
1624 1983 1729 2061 ad
1763 1981 2262 2088 quadratum
2295 2010 2396 2064 ex
2421 1985 2591 2066 AC.
2659 1984 2758 2062 In
2789 1983 2942 2065 hac
2975 1984 3300 2065 ratione
3321 1983 3422 2067 fit
3452 2013 3664 2092 qua.-

910 2123 1242 2202 dratum
1276 2149 1373 2200 ex
1403 2123 1483 2198 D
1518 2119 1624 2198 ad
1659 2116 2014 2225 quadra-

906 2279 1094 2338 tum
1128 2285 1223 2338 ex
1254 2259 1471 2338 redka
1495 2257 1680 2355 ΑΕ,
1702 2254 1835 2334 cui
1872 2281 2005 2334 ae-
2144 2321 2205 2402 F
2569 2326 2648 2402 A
2993 2321 3068 2401 E
3153 2323 3218 2402 B
3593 2325 3666 2406 C

910 2394 1173 2501 qualis
1198 2391 1293 2474 fit
1315 2395 1479 2491 AF,
1510 2392 1701 2473 etin
1726 2390 2008 2470 eadem
2616 2457 2625 2495 Ι

910 2533 1101 2611 data
1156 2529 1468 2610 ratione
1508 2537 1539 2575 ⁸
1585 2526 1741 2608 erit
1796 2555 2004 2634 qua·-
2140 2581 2223 2658 D
3619 2555 3626 2564 ·

910 2670 1243 2751 dramm
1268 2693 1367 2746 ex
1389 2667 1520 2746 CB
1548 2664 1659 2744 ad
1684 2665 2007 2744 restan-

908 2808 1205 2917 gulum
1238 2806 1393 2904 FC,
1433 2805 1593 2886 CE.
1664 2800 1895 2880 Datis
1932 2799 2014 2878 i-

692 3027 699 3039 ,
868 2987 873 2992 ·
910 2945 1136 3052 gitur
1180 2944 1273 3023 in
1316 2941 1531 3022 reeta
1574 2939 1791 3018 linea
1832 2936 2096 3016 tribus
2145 2933 2468 3039 punecis
2516 2934 2606 3034 F,
2655 2933 2750 3036 E,
2801 2933 2867 3014 B
2914 2933 3506 3016 inveniendum
3551 2937 3664 3017 est

912 3100 1305 3186 quartum
1340 3080 1405 3158 C
1438 3098 1659 3158 extra
1692 3073 1861 3180 ipsa
1897 3070 2123 3181 quod
2155 3070 2400 3150 faciet
2431 3073 3002 3180 reitangulum
3037 3073 3191 3173 FC,
3231 3073 3366 3152 CE
3401 3100 3448 3153 a
3479 3071 3662 3182 seg·-

913 3213 1213 3296 mentis
1246 3213 1459 3294 inter
1491 3212 1759 3318 ipsum
1794 3231 1873 3290 et
1904 3210 2073 3291 duo
2107 3209 2412 3312 pund’ffl
2445 3207 2880 3288 remotiora
2913 3209 3001 3308 F,
3041 3209 3108 3289 E
3154 3209 3262 3290 ad
3307 3208 3665 3316 quadra-
3739 3221 3742 3227 ’
3807 3311 3836 3328 ἰ

908 3375 1101 3434 tum-
1134 3379 1235 3434 ex
1258 3351 1674 3460 segmento
1707 3349 1837 3428 CB
1872 3346 2086 3426 inter
2121 3341 2394 3449 ipsum
2439 3364 2517 3425 et
2561 3345 2967 3450 punstum
3011 3345 3426 3453 reliquum
3459 3345 3527 3426 B
3571 3345 3664 3424 in

910 3490 1224 3573 ratione
1258 3489 1475 3589 data,
1525 3485 1751 3592 quod
1786 3482 2126 3591 quidem
2159 3478 2302 3562 fiet
2333 3509 2484 3588 ope
2515 3484 2749 3588 Prop.
2787 3508 2926 3587 54.
2959 3479 3146 3566 Lib.
3195 3509 3263 3564 1.

1050 3769 1289 3846 PARS
1326 3789 1403 3870 3.
1472 3725 1849 3866 Denique
1890 3753 1987 3836 fit
2033 3755 2530 3863 quadratum
2573 3781 2670 3836 ex
2703 3753 2837 3836 CB
2869 3753 3161 3872 datum
3194 3749 3434 3834 fimul
3467 3779 3668 3838 eum

728 3925 742 3938 ·
914 3901 1171 4008 spatio
1218 3900 1324 3980 ad
1372 3896 1596 4007 quod
1646 3895 2144 4004 quadratum
2192 3919 2287 3973 ex
2331 3893 2484 3973 Ac

914 4039 1193 4119 datam
1240 4037 1487 4116 habet
1526 4033 1973 4129 rationem3
2047 4027 2145 4111 fit
2191 4030 2482 4110 datu-m
2616 4073 2696 4150 A
2855 4066 2926 4148 E.
3239 4067 3306 4145 Β
3443 4067 3510 4146 C
3575 4059 3658 4146 D·

914 4177 1248 4282 aequale
1282 4173 1682 4280 quadrato
1718 4197 1814 4250 ex
1836 4170 1981 4248 BD
2010 4167 2146 4248 cui
2181 4194 2482 4274 aequaz-
3459 4197 3470 4202 ·

912 4313 1015 4392 lis
1060 4310 1157 4390 fit
1200 4313 1415 4392 tedia
1462 4309 1634 4390 BE.
1750 4303 2172 4420 Qoniam
2227 4301 2482 4410 igitur

916 4447 1423 4556 quadratum·
1447 4474 1542 4529 ex
1582 4445 1757 4526 CB·
1782 4470 1952 4526 una
1996 4467 2190 4524 cum
2231 4441 2703 4556 redtangulo
2747 4441 2930 4544 EC,
2977 4441 3137 4523 CD
3179 4439 3512 4550 aequale
3555 4437 3668 4522 est
3795 4417 3802 4424 ’
