4109 5609
892 428 1017 509 ³30
1570 394 1792 479 DE
1926 394 3040 481 LI'MITIBUS

1040 620 1163 701 Sit
1207 616 1416 698 ratio
1452 618 1517 696 B
1552 618 1659 696 ad
1706 617 1772 697 C
1818 617 2127 723 semper
2171 618 2449 699 minor
2491 619 2618 699 vel
2663 619 2927 724 major
2969 618 3281 702 ratione
3339 622 3386 701 b
3443 621 3550 702 ad
3595 648 3665 725 c,

902 781 1103 865 puta
1139 758 1447 863 semper
1482 754 1795 854 minor3
1849 756 2245 862 quoniam
2281 756 2536 864 igitur
2571 758 2680 835 est
2715 761 2792 837 A
2827 758 2932 837 ad
2969 760 3034 837 B
3070 780 3165 838 ut
3199 788 3248 839 a
3283 762 3386 840 ad
3419 759 3491 859 b,
3533 788 3669 841 ra-

901 897 1021 977 tio
1067 924 1255 975 vero
1301 896 1366 971 B
1404 894 1509 973 ad
1556 894 1621 972 C
1658 892 1933 973 minor
1964 895 2280 975 ratione
2313 894 2370 975 b
2401 896 2508 975 ad
2533 922 2626 995 ες
2695 895 2846 975 erit
2891 924 2990 976 ex
3041 924 3300 1003 aequo
3345 898 3554 979 ratio
3590 903 3670 980 A

901 1035 1009 1113 ad
1044 1035 1110 1112 C
1146 1028 1421 1113 minor
1455 1031 1767 1111 ratione
1790 1060 1849 1109 a
1885 1032 1991 1111 ad
2030 1062 2099 1116 c.
2204 1034 2821 1115 Ostendendum
2855 1062 3046 1113 vero
3081 1059 3486 1140 praeterea
3519 1038 3660 1138 est,

890 1172 1305 1253 rationem
1328 1172 1407 1251 A
1430 1171 1547 1251 ad
1580 1172 1647 1250 C
1681 1170 2080 1275 majorem
2111 1169 2290 1250 fieri
2322 1169 2540 1278 posse
2562 1171 2852 1278 quavis
2885 1172 3230 1273 ratione,
3257 1202 3464 1282 quae
3497 1173 3666 1253 mi·-

902 1336 1058 1390 nor
1092 1310 1201 1390 est
1234 1309 1403 1415 ipsa
1431 1336 1485 1385 a
1520 1308 1624 1389 ad
1666 1334 1734 1391 c.
1805 1308 1927 1387 Sit
1972 1309 2228 1417 igitur
2263 1309 2471 1390 ratio
2501 1337 2554 1387 a
2598 1309 2702 1388 ad
2738 1314 2795 1387 d
2823 1309 3098 1389 minor
3128 1312 3440 1393 ratione
3473 1340 3524 1391 a
3559 1312 3666 1393 ad

885 1476 971 1547 c,
1010 1448 1230 1527 unde
1276 1448 1425 1526 erit
1472 1450 1528 1525 d
1556 1446 1816 1551 major
1844 1472 1891 1525 c
1922 1480 1947 1545 ;
2020 1474 2272 1553 quare
2306 1447 2518 1528 ratio
2546 1445 2598 1527 h
2637 1448 2743 1527 ad
2775 1450 2834 1525 d
2861 1448 3140 1528 minor
3169 1449 3322 1530 erit
3353 1449 3666 1530 ratione

888 1586 949 1666 h
994 1586 1099 1667 ad
1123 1612 1173 1665 c
1209 1612 1417 1691 quae
1450 1584 1747 1663 scilicet
1780 1584 2055 1665 Limes
2090 1585 2204 1664 est
2247 1584 2584 1667 rationis
2623 1587 2692 1663 Β
2725 1585 2834 1665 ad
2865 1588 2974 1676 C;
3043 1614 3236 1695 ergo
3271 1615 3414 1693 per
3456 1586 3668 1667 defi-

900 1724 1303 1805 nitionem
1342 1743 1748 1827 quartam,
1800 1722 2094 1827 poterit
2137 1722 2346 1803 ratio
2393 1724 2458 1801 B
2505 1723 2612 1803 ad
2661 1726 2728 1803 C
2771 1723 3038 1828 major
3065 1722 3246 1803 fieri
3275 1725 3592 1805 ratione
3619 1724 3668 1805 b

895 1862 1007 1943 ad
1040 1864 1125 1939 d:
1202 1858 1351 1939 fiat
1390 1860 1695 1966 itaque,
1758 1882 1837 1939 et
1884 1861 2282 1968 quoniam
2326 1861 2538 1941 ratio
2577 1863 2656 1939 A
2699 1862 2805 1941 ad
2843 1863 2908 1939 B
2953 1858 3050 1939 fit
3095 1858 3338 1941 fimul
3379 1862 3667 1943 eadem

902 1998 1203 2080 rationi
1223 2026 1285 2075 a
1318 1997 1421 2077 ad
1450 1996 1543 2095 ὸς
1592 1996 1743 2077 erit
1776 2024 1871 2077 ex
1908 2025 2198 2105 aeque,
2237 1997 2443 2077 ratio
2469 2002 2548 2079 A
2582 1999 2688 2078 ad
2721 2000 2786 2079 C
2823 1998 3084 2103 major
3127 1998 3441 2079 ratione
3473 2028 3526 2078 a
3559 2001 3666 2081 ad

890 2140 982 2236 d,
1056 2136 1214 2216 hoc
1263 2137 1371 2215 est
1417 2133 1739 2215 ,ratione
1787 2134 2217 2242 propofita:
2295 2137 2694 2243 quoniam.
2751 2136 3012 2244 igitur
3055 2136 3264 2216 ratio
3305 2140 3393 2216 A
3447 2140 3555 2218 ad
3597 2140 3668 2219 C

896 2274 1209 2380 semper
1266 2274 1375 2353 est
1432 2272 1707 2351 minor
1762 2274 2074 2354 ratione
2117 2300 2166 2352 a
2213 2274 2320 2354 ad
2363 2300 2432 2373 c,·
2505 2274 2802 2379 poterit
2845 2294 3124 2353 autem
3163 2272 3346 2353 fieri
3403 2276 3666 2376 majoe

887 2412 1187 2519 quavis
1232 2411 1545 2489 ratione
1582 2438 1637 2487 a
1684 2408 1790 2489 ad
1834 2415 1891 2489 d
1931 2438 2138 2517 quae
2183 2411 2464 2491 minor
2491 2412 2606 2490 est
2631 2412 2943 2491 ratione
2975 2438 3030 2489 a
3059 2412 3166 2491 ad
3193 2439 3276 2502 c;
3333 2413 3486 2491 erit
3525 2438 3668 2518 per

888 2546 1463 2629 definitionem
1498 2547 1711 2627 ratio
1744 2574 1799 2623 α
1846 2549 1949 2627 ad
1986 2575 2037 2627 -c
2068 2549 2344 2629 Limes
2377 2548 2714 2628 rationis
2751 2551 2836 2627 A
2865 2548 2973 2628 ad
3005 2551 3104 2630 C.
3237 2548 3486 2661 QE.
3515 2552 3622 2633 D.

1038 2688 1265 2769 Con.
1342 2686 1527 2765 Sint
1562 2687 1737 2785 AC,
1776 2688 1927 2764 BD
1956 2688 2426 2793 reflangula
2461 2714 2668 2793 quae
2703 2686 2892 2765 data
2929 2686 3233 2765 habent
3270 2688 3528 2767 laxem
3554 2690 3668 2785 A,

896 2824 1009 2922 133
1081 2824 1361 2903 Limes
1406 2844 1680 2903 autem
1724 2823 2066 2904 rationis
2111 2824 2802 2903 incrementorum
2851 2825 3201 2904 laterum
3242 2824 3666 2927 variabili-

894 2990 1047 3041 um
1084 2964 1181 3061 C,
1216 2964 1331 3061 D,
1361 2958 1457 3040 fit
1490 2959 1705 3040 ratio
1729 2987 1789 3057 ‘y
1822 2962 1931 3040 ad
1960 2946 1997 3036 δ
2013 2996 2035 3060 ;
2113 2960 2266 3039 erit
2297 2960 2568 3040 Limes
2603 2960 2941 3040 rationis
2969 2961 3664 3043 incrementorum

892 3099 1263 3205 ipsorum
1301 3098 1485 3198 AC,
1519 3098 1699 3199 BD,
1732 3099 2015 3178 eadem
2046 3096 2352 3177 rationi
2393 3125 2607 3203 qnae
2637 3098 3162 3203 componitur
3195 3126 3290 3179 ex
3325 3098 3664 3180 radoni·

892 3236 1056 3317 bus
1092 3241 1167 3317 A
1203 3234 1308 3315 ad
1352 3237 1420 3315 B
1454 3255 1531 3314 et
1554 3262 1619 3329 ’γ
1665 3235 1771 3313 ad
1810 3220 1876 3317 δ.
1954 3238 2470 3315 nenotentnr
2511 3234 2736 3314 enim
2780 3235 3285 3316 incrementa
3325 3237 3664 3343 quaevis

888 3372 1135 3455 fimul
1182 3370 1395 3455 fafia
1440 3372 1789 3451 laterum
1832 3364 1927 3472 C‚'
1975 3375 2088 3472 D,
2136 3371 2372 3451 restis
2415 3396 2486 3469 c,
2514 3374 2570 3449 d
2594 3406 2624 3470 ς.
2691 3392 2769 3451 et
2815 3373 3188 3453 sumatur
3225 3376 3662 3483 κάποδυ-

896 3512 1081 3593 lum
1132 3512 1291 3593 BC.
1395 3508 1765 3615 Ipsorum
1811 3510 2072 3618 igitur
2110 3510 2289 3609 AC,
2335 3510 2471 3589 BC
2519 3510 3020 3591 inermem:
3053 3532 3300 3591 erunt
3335 3514 3486 3612 Ac,
3523 3514 3662 3610 Be,

897 3676 1261 3755 quorum
1296 3646 1503 3725 ratio
1538 3647 1847 3754 semper
1892 3648 2176 3727 eadem
2209 3646 2324 3725 est
2355 3647 2660 3727 rationi.
2683 3650 2764 3725 A
2803 3648 2920 3727 ad
2947 3650 3045 3731 Β.
3157 3650 3666 3730 Incrementa

904 3812 1099 3865 vero
1143 3784 1505 3889 ipsorum
1542 3786 1703 3884 BC,
1744 3786 1919 3884 BD,
1968 3785 2156 3864 sunt
2191 3786 2300 3864 Bc
2343 3785 2465 3863 Bd
2476 3815 2498 3876 3
2534 3812 2928 3897 ⁵quorum
2963 3786 3174 3865 ratio
3220 3786 3332 3865 est
3379 3788 3662 3867 eadem

908 3919 1054 4027 ipfi
1092 3948 1141 4001 c
1176 3920 1281 4001 ad
1313 3924 1373 3998 d
1394 3954 1416 4019 3
1492 3949 1743 4027 quare
1776 3942 1856 4000 et
1888 3921 2163 4001 Limes
2211 3921 2556 4003 rationis
2587 3922 2694 4000 Bc
2739 3922 2844 4001 ad
2889 3924 3012 3999 ΒΔ
3053 3924 3334 4002 eadem
3371 3925 3480 4004 est
3511 3923 3659 4003 Li-

908 4058 1101 4139 miti
1134 4056 1377 4163 ipfius
1404 4086 1453 4138 c
1500 4058 1603 4137 ad
1637 4062 1716 4157 d,
1755 4058 1911 4137 hoc
1948 4059 2055 4138 est
2079 4058 2376 4138 rationi
2411 4086 2467 4155 γ
2501 4058 2605 4138 ad
2637 4045 2701 4158 δ,
2747 4058 2886 4138 cui
2935 4059 3214 4139 eadem
3263 4058 3408 4141 fiat
3447 4061 3658 4142 ratio

910 4196 982 4275 Β
1026 4197 1133 4275 ad
1179 4198 1301 4293 E;
1368 4218 1453 4277 et
1500 4222 1641 4301 ptr
1690 4194 1908 4275 hanc
1954 4198 2196 4301 Prop.
2257 4196 2410 4276 erit
2465 4196 2743 4276 Limes
2801 4194 3148 4277 rationis
3183 4200 3309 4276 Ac
3368 4198 3480 4277 ad
3541 4200 3668 4277 Bd

910 4334 1201 4415 eadem
1246 4332 1547 4415 rationi
1578 4335 1657 4412 A
1702 4334 1809 4415 ad
1842 4334 1909 4413 E
1944 4333 2108 4413 hoc.
2150 4333 2266 4412 est
2305 4330 2385 4413 ei
2423 4360 2636 4440 qme
2677 4333 3128 4440 compofita,
3163 4336 3276 4417 «ἢ
3317 4361 3418 4418 ex
3458 4336 3660 4416 rati-⁶

906 4472 1217 4553 onibus
1256 4472 1337 4551 A
1382 4472 1488 4551 ad
1532 4471 1627 4571 Β,
1680 4492 1758 4551 et
1808 4464 1905 4575 (B
1945 4471 2049 4551 ad
2087 4472 2180 4570 E,
2229 4470 2384 4571 th
2421 4468 2574 4583 est)
2609 4498 2674 4569 γ·
2699 4456 2900 4555 ad).
