4109 5609
867 403 1033 506 2821.
1214 399 1389 478 DE
1455 396 2152 526 SECTIONE
2219 397 3276 484 DETERMINATA

866 619 1567 726 adreRan-gulum
1601 618 1755 716 EF,
1786 620 1908 696 FB
1948 647 1995 696 a
2028 616 2458 726 segmentis
2497 614 2708 698 inter
2753 616 3024 726 ipsum
3049 640 3128 699 et
3151 621 3320 701 duo
3353 647 3638 728 punc-

866 779 955 842 ta
988 757 1315 861 reliqua
1337 759 1430 854 E,
1470 757 1565 853 B,
1616 755 1841 860 quod
1878 755 2017 834 fiet
2052 783 2202 860 ope
2243 757 2476 858 Prop.

874 893 922 978 6
928 920 1007 998 5
1146 895 1251 970 Et
1334 865 1620 972 eodem
1700 891 1949 972 modo
2020 891 2480 970 invenietur
2615 933 2695 1009 A
2763 933 2822 1010 F
2915 935 2980 1010 E
3030 934 3227 1011 HG
3357 933 3428 1009 B
3565 934 3634 1011 C

874 1032 1278 1138 punitum
1328 1031 1383 1106 F
1427 1026 1487 1106 fi
1533 1030 1837 1133 punffa
1884 1030 2001 1128 H,
2042 1029 2128 1106 G
2174 1027 2482 1106 fuerint

874 1167 1089 1252 inter
1120 1166 1291 1272 ipsa
1324 1167 1419 1264 E,
1444 1166 1554 1246 B.
1640 1164 1992 1278 Qintb,
2032 1163 2186 1246 fint
2221 1191 2486 1270 punc-

874 1325 960 1384 ta
996 1305 1091 1402 E,
1132 1306 1227 1402 B,
1278 1302 1489 1380 inter
1524 1302 1693 1406 ipsa
1727 1305 1843 1400 A,
1872 1304 1987 1400 H,
2042 1323 2121 1382 et
2157 1301 2674 1380 dataerunt
2652 1329 2743 1380 1n
2779 1303 2996 1382 reeta
3033 1303 3243 1381 linea
3280 1323 3638 1409 quatuor

625 1421 631 1428 ’
722 1471 727 1476 ·
876 1443 1185 1547 punem
1220 1441 1313 1537 E,
1356 1441 1448 1538 B,
1490 1439 1608 1537 H,
1648 1438 1731 1516 G
1770 1438 1875 1516 ad
1909 1437 2500 1518 inveniendum
2535 1439 2930 1546 quintum
2965 1441 3021 1517 F
3057 1461 3278 1520 extra
3314 1441 3484 1546 ipsa
3529 1440 3646 1520 ad

882 1597 1146 1684 partes
1185 1579 1251 1654 E
1288 1575 1517 1681 quod.-
1558 1574 1809 1656 faciet
1845 1577 2174 1654 τεθεω-

882 1715 1177 1836 gulnm
1223 1715 1399 1812 HF,
1450 1712 1593 1790 FG
1640 1741 1687 1790 a
1732 1711 2165 1820 segmentis
2302 1753 2380 1830 A
2447 1753 2516 1830 F
2589 1751 2655 1830 E
2725 1753 2793 1829 B
2838 1752 2927 1831 H
3063 1753 3156 1831 G·
3575 1755 3654 1832 C

884 1852 1098 1930 inter
1123 1850 1389 1957 ipsum
1416 1869 1492 1930 et
1518 1849 1685 1928 duo
1710 1851 2015 1954 pumsta
2044 1852 2165 1948 H,

886 1989 971 2071 G
1008 1989 1113 2070 ab
1149 1987 1321 2092 ipso
1354 1986 1787 2070 remotiora
1824 1986 1928 2064 ad
1966 1989 2178 2068 teet·
2281 1970 2288 1988 ¹

886 2125 1291 2232 angulum
1317 2127 1469 2223 EF,
1499 2125 1621 2202 FB
1650 2151 1697 2202 a
1720 2122 2210 2230 segmentis
2189 2143 2401 2202 mter
2435 2121 2706 2229 ipffim
2739 2145 2820 2203 et
2854 2125 3028 2203 duo
3044 2097 3363 2231 reliqua,
3379 2153 3648 2232 punc-

890 2283 977 2340 ta
1012 2264 1111 2359 E,
1148 2261 1269 2338 B
1248 2289 1338 2340 m
1372 2259 1693 2340 ratione
1718 2259 1936 2358 data,
1988 2260 2214 2366 quod
2247 2259 2385 2338 fiet
2421 2261 2573 2365 <ipe
2606 2264 2837 2366 Prop.
2879 2260 2926 2339 6
2935 2287 3026 2364 3

1032 2401 1153 2476 CA
1170 2423 1233 2480 S.
1290 2425 1363 2480 2.
1435 2397 1793 2511 Qando
1838 2397 2130 2478 datum
2179 2397 2510 2504 aequale
2555 2397 2672 2476 est
2716 2397 3114 2502 quadrato
3160 2423 3256 2475 ex
3299 2398 3658 2481 dimidio

812 2525 817 2529 ⁵
890 2535 1152 2616 reaae
1184 2535 1370 2632 AC;
1445 2532 1831 2612 bifariam
1876 2532 2132 2641 igitur
2175 2532 2381 2615 scena
2423 2533 2623 2614 AC
2603 2562 2694 2613 m
2729 2535 2843 2633 G,
2893 2533 3045 2614 erit
3075 2536 3655 2644 ree'tangulum

811 2702 839 2731 ⁴
892 2673 1058 2772 AF,
1099 2673 1223 2750 FC
1268 2669 1509 2749 fimul
1540 2697 1734 2750 cum
1768 2670 2168 2775 quadrato
2203 2698 2300 2750 ex
2331 2670 2475 2750 GF
2509 2671 2842 2778 aequale
2877 2669 3276 2777 quadrato
3321 2701 3417 2752 ex
3461 2673 3642 2774 GC,

893 2808 1059 2888 hoc·
1089 2808 1199 2888 est
1234 2808 1473 2905 dat03
1526 2807 2042 2912 ,quadratum
2073 2807 2329 2914 igitur
2363 2823 2456 2888 ex
2490 2808 2636 2888 GF
2671 2809 2781 2889 est
2813 2807 2903 2887 id
2939 2807 3044 2887 ad
3078 2809 3306 2915 quod
3335 2812 3650 2892 rectan-

895 2947 1195 3053 gulum
1250 2948 1403 3044 EF,
1469 2946 1591 3024 FB
1655 2943 1932 3024 datam
1992 2943 2240 3024 habet
2293 2943 2548 3024 ratio-

898 3109 1118 3164 nem.
1222 3079 1525 3180 Ptimb,
1574 3077 1729 3158 fint
1764 3082 2068 3184 pune'ta
2103 3082 2198 3180 E,
2237 3082 2303 3160 B
2339 3081 2554 3161 inter
2683 3121 2766 3200 A
2927 3189 2934 3194 ,
3103 3119 3189 3200 G
3299 3123 3356 3201 F
3381 3123 3447 3200 E
3483 3123 3548 3200 B
3589 3123 3660 3203 Ο

902 3219 985 3296 G
1034 3239 1115 3298 et
1161 3219 1281 3316 C3
1355 3217 1565 3297 datis
1613 3217 1868 3325 igitur
1922 3216 2014 3295 in
2073 3219 2290 3299 refia
2339 3217 2586 3298 linea·
3059 3207 3086 3222 ’

906 3354 1170 3434 tribus
1212 3352 1535 3460 punitis
1573 3353 1685 3452 G,
1728 3355 1821 3452 E,
1864 3354 1927 3431 B
1962 3353 2553 3436 inveniendum

910 3491 1023 3574 est
1056 3513 1445 3598 quartum
1480 3492 1537 3568 F
1570 3490 1783 3570 inter
1817 3490 1902 3569 G
1949 3511 2027 3568 et
2065 3493 2132 3570 E
2165 3491 2392 3597 quod
2435 3490 2678 3572 faciet
2723 3491 3299 3599 restangulum-
3338 3493 3497 3591 EF,
3533 3493 3660 3572 FB

914 3657 961 3718 a
996 3626 1423 3734 segmentis
1458 3626 1671 3706 inter
1702 3626 1973 3731 ipsum
2008 3647 2087 3708 et
2118 3626 2286 3708 duo
2323 3629 2624 3732 puniita
2660 3627 2754 3728 E,
2785 3629 2852 3707 B
2889 3655 3096 3734 quae
3129 3629 3318 3708 sunt
3353 3629 3458 3708 ad
3493 3630 3660 3709 eas-

913 3764 1105 3842 dem
1142 3763 1309 3867 ejus
1347 3782 1607 3868 partes
1656 3763 1761 3842 ad
1808 3763 2302 3871 quadratum
2347 3791 2442 3842 ex
2488 3765 2630 3843 FG
2675 3764 3088 3876 segmento
3135 3763 3350 3846 inter
3393 3765 3664 3889 ipsum

915 3921 995 3978 et
1052 3899 1463 4006 reliquum
1520 3901 1925 4004 punelum
1971 3900 2054 3978 G
2101 3899 2192 3980 in
2233 3899 2547 3980 ratione

819 4139 828 4146 ¹
917 4037 1137 4134 data,
1212 4035 1436 4141 quod
1482 4033 1622 4116 fiet
1666 4061 1817 4141 ope
1865 4039 2097 4142 Prop.
2145 4063 2281 4142 51.
2393 4037 2550 4116 Vel
2683 4075 2764 4154 A
2853 4077 2912 4154 F
3105 4075 3198 4156 G
3250 4079 3318 4158 E
3423 4075 3488 4155 Β
3595 4079 3666 4158 G

920 4173 1174 4279 potest
1234 4171 1583 4251 inveniri
1634 4175 1693 4251 F
1736 4172 1949 4252 inter
1988 4175 2068 4252 A
2112 4193 2190 4252 et
2236 4173 2372 4272 G3
2457 4173 2550 4253 in

920 4337 1089 4416 quo
1147 4310 1332 4389 casu
1392 4307 1583 4388 data
1640 4329 1880 4390 erunt
1928 4310 2013 4389 in
2071 4311 2288 4390 reita
2332 4308 2547 4390 linea

921 4446 1078 4542 tria
1138 4447 1441 4553 punsta
1486 4447 1598 4550 G,
1650 4449 1745 4548 E,
1797 4447 1862 4525 B
1908 4447 2013 4530 ad
2059 4445 2646 4528 inveniendum
2693 4469 3084 4557 quartum
3129 4451 3190 4534 1²
3235 4470 3454 4532 extra
3500 4451 3677 4560 ipsa
