4109 5609
1154 352 1351 435 DE
1448 344 2600 438 LOGARITH'MIS;
3161 378 3262 470 33

497 576 1041 687 logarithmus
1078 572 1433 680 aequalis
1471 570 1963 679 logarithmo
1999 572 2336 653 rationis
2373 576 2450 652 D
2489 574 2591 651 ad
2629 576 2732 674 K,
2783 574 2936 655 hoc
2973 576 3084 657 est
3118 576 3262 684 ipfi

502 716 662 795 LH
702 711 974 820 [Prop.
1026 739 1055 791 1
1082 708 1235 817 1.];
1312 710 1426 789 est
1454 708 1712 816 igitur
1748 709 1895 786 EN
1928 709 2282 813 aequalis
2332 707 2478 813 ipfi
2525 712 2713 810 LH,
2763 712 2916 793 hoc
2967 715 3076 793 est
3123 744 3260 795 ex-

486 850 741 933 ··ceffui
777 847 1249 957 logarithmi
1286 847 1419 927 EL
1459 845 1827 927 divisoris
1877 848 1955 924 K
2004 846 2242 951 supra
2289 847 2446 923 ΕΗ
2493 848 3081 955 logarithmum
3127 853 3259 932 die-

502 988 833 1069 videndi
868 990 974 1067 D.

634 1127 739 1203 Et
771 1120 830 1201 fi
866 1118 1047 1227 ipfis
1086 1122 1272 1219 ΕΗ,
1303 1120 1435 1197 ΕΙ,
1474 1110 1962 1227 praefigatur
1994 1114 2318 1225 fignum
2351 1158 2448 1218 -,
2488 1141 2566 1199 et
2593 1123 3002 1201 auferatur
3022 1164 3092 1181 -
3118 1128 3251 1208 EL

504 1263 607 1341 ab
639 1298 711 1317 -
744 1262 929 1358 EH,
978 1258 1388 1361 reliquum
1422 1256 1573 1335 erit
1608 1256 1745 1333 ΕΙ,
1768 1294 1838 1311 -
1870 1256 2057 1352 ΕΗ,
2099 1254 2250 1334 hoc
2291 1256 2400 1333 est
2433 1258 2634 1356 LH;
2687 1258 2942 1367 igitur
2972 1265 3254 1371 regula

501 1424 649 1504 pro
684 1397 853 1477 Cas.
905 1421 973 1476 1.
1018 1392 1213 1472 huic
1248 1393 1499 1471 etiam
1540 1391 1893 1475 inservit.

635 1535 757 1613 Sit
802 1554 1079 1611 autem
1122 1529 1421 1609 divisor
1464 1530 1549 1608 K
1592 1528 1853 1632 major
1896 1506 2336 1609 div-idehdo
2379 1525 2502 1629 D3
2577 1530 2833 1639 igitur
2878 1537 3254 1643 quotiens

498 1672 597 1750 M
634 1671 909 1749 minor
950 1668 1061 1746 est
1102 1663 1440 1747 unitate.
1544 1662 1725 1743 Erit
1756 1686 2043 1744 autem
2092 1668 2236 1745 EN
2282 1667 2841 1774 legarithmuS.
2865 1671 3108 1778 ipfius
3151 1676 3255 1755 M

500 1807 853 1914 aequalis
898 1802 1233 1883 excessui
1266 1804 1423 1882 HL
1458 1800 1933 1911 legarithmi
1966 1802 2186 1881 divi-

496 1944 745 2027 dendi
780 1942 937 2021 ΕΗ
970 1942 1209 2046 supra
1255 1938 1391 2019 ΕΙ,
1424 1938 2017 2047 logarithmum
2052 1940 2184 2018 di-
2321 1920 2402 1995 D
2490 1920 2588 1996 Μ
2909 1926 2988 2001 K
3125 1926 3206 2005 A

494 2080 777 2161 viseris
813 2082 916 2160 K.
988 2077 1409 2191 Qoniam
1444 2074 1665 2155 enim
1690 2077 1798 2156 est
1822 2080 1897 2155 A
1924 2076 2029 2155 ad
2051 2080 2178 2175 M,
2334 2055 3190 2095 -..2.........-....;......

431 2302 437 2309 ,
492 2240 592 2297 ut
626 2220 703 2297 K
741 2218 845 2295 ad
890 2217 997 2315 D,
1062 2213 1213 2294 erit
1258 2212 1799 2321 logarithmus
1846 2211 2180 2295 rationis
2321 2188 2410 2263 H
2537 2188 2616 2264 N
2949 2190 3018 2269 L
3181 2191 3253 2271 Ε

492 2358 596 2433 Μ
632 2355 735 2434 ad
770 2357 874 2451 A,
936 2354 1089 2431 hoc
1128 2352 1237 2429 est
1278 2351 1603 2430 numeri
1646 2354 1773 2452 M,
1826 2351 2180 2457 aequalis
2327 2322 3240 2365 ——u--ffi—

494 2490 990 2600 logarithmo
1023 2488 1359 2567 rationis
1395 2490 1472 2566 D
1508 2488 1615 2567 ad
1650 2492 1757 2588 K,
1806 2488 1964 2567 hoc
1998 2489 2110 2566 est
2145 2484 2418 2593 [Prop.
2469 2515 2496 2567 1
2525 2476 2632 2595 1.]
2681 2487 2828 2594 ipfi
2860 2492 3047 2590 HL,
3102 2495 3251 2600 qui

488 2630 609 2707 -est
644 2626 987 2707 exceffus
1025 2624 1496 2732 logarithmi
1520 2626 1705 2724 EH,
1735 2624 2185 2721 dividendi,
2213 2624 2452 2729 supra
2487 2626 2622 2705 ΕΙ,
2659 2626 3250 2733 logarithmum

500 2764 897 2845 divisoris,

634 2900 717 2979 Si
756 2921 1025 2979 autem
1062 2892 1243 3002 ipfis
1283 2898 1467 2997 EH,
1508 2893 1640 2975 EL
1690 2893 2179 3003 praefigatur
2210 2892 2533 3004 fignum
2563 2938 2660 2997 —,
2712 2920 2790 2979 et
2819 2937 2890 2957 --
2924 2901 3059 2979 EL
3099 2928 3248 2979 au-

498 3037 803 3115 feratur
839 3066 885 3114 a
917 3072 989 3090 —
1022 3033 1205 3132 EH,
1245 3033 1655 3139 reliquum
1690 3033 1841 3112 erit
1868 3070 1939 3088 ·-
1974 3034 2162 3131 HL,
2215 3034 2752 3140 logarithmus
2789 3036 3083 3116 scilicet
3115 3037 3250 3142 ip-

498 3171 656 3253 fius
702 3174 826 3253 M.
934 3170 1355 3282 Qoniam
1400 3196 1587 3248 vero
1634 3171 1733 3247 M
1777 3168 2051 3249 minor
2097 3169 2220 3247 est·
2250 3170 2591 3269 unitate,
2646 3171 3086 3251 sumendus
3135 3174 3246 3252 est
3411 3252 3418 3259 ,

501 3336 889 3390 numerus
934 3307 1387 3410 reciprocus
1435 3305 1603 3409 ejus
1654 3304 1799 3411 qui
1844 3304 2091 3383 habet
2134 3305 2723 3412 logarithmum
2771 3308 2928 3387 HL
2978 3308 3068 3386 in
3114 3330 3242 3387 ta-

494 3445 744 3542 bulis,
793 3465 888 3521 ut
924 3465 1157 3522 antea
1193 3442 1534 3524 dmum.

634 3582 729 3658 In
766 3579 1149 3658 omnibus
1187 3578 1441 3687 igitur
1476 3574 1780 3657 cafibus
1810 3578 2348 3686 logarithmus
2377 3579 2814 3685 quotientis
2841 3582 2950 3661 est
2981 3576 3243 3660 excesa-

498 3716 629 3795 sus
666 3714 1137 3823 logarithmi
1171 3712 1591 3794 dividendi
1623 3713 1861 3818 supra
1897 3714 2487 3823 legarithmum
2535 3715 2929 3817 divisoris,
2993 3717 3244 3796 dum-

500 3852 747 3931 modo
780 3850 1288 3958 logarithmis
1324 3876 1884 3949 numerorum,
1925 3850 2072 3957 qui
2107 3851 2418 3933 unitate
2452 3852 2639 3933 sunt
2670 3854 3056 3957 minores,
3096 3880 3243 3963 ap·-

498 4010 849 4094 ponatur
878 3984 1203 4097 fignum
1233 4028 1303 4044 —
1334 3984 1926 4069 subn-aetionis.

1840 4258 1908 4338 E
