4109 5609
1116 397 2610 514 DE'PORISMATIBUS.
3071 421 3236 508 377

472 633 541 675 ⁸⁸
588 651 717 710 tae
754 648 1027 709 autem
1065 623 1453 732 pofitione
1485 623 1719 703 datae
1756 647 1959 735 quas
1995 640 2350 729 tangunt
2383 618 2550 698 duo
2585 645 2680 698 ex
2725 615 3050 722 punstis
3087 643 3230 696 oc-

450 772 538 811 ·“
586 787 929 847 currunt
962 761 1109 842 fibi
1145 783 1439 843 mutuo
1474 760 1565 841 in
1600 761 1816 840 reeta
1850 757 1939 837 in
1976 785 2142 864 qua
2177 757 2366 837 data
2399 753 2554 834 fint
2589 754 2744 835 tria
2781 751 3227 843 interseffi-

476 907 539 946 ‘⁴
586 931 843 984 onum
879 897 1261 1009 punem?

606 1177 789 1256 Sint
838 1195 1192 1282 quatuor
1236 1174 1497 1254 rediae
1553 1171 1739 1270 AB,
1788 1170 1986 1268 AD,
2036 1169 2213 1266 BE,
2265 1167 2440 1267 GE,
2510 1187 2591 1246 et
2635 1165 2828 1246 data
2871 1162 3026 1245 fint
3068 1163 3227 1246 tria

468 1315 773 1420 punaa
804 1316 912 1412 A,
942 1313 1037 1411 B,
1066 1312 1173 1409 C;
1213 1292 1719 1416 &reliquorum
1748 1329 2029 1387 autem
2064 1307 2171 1403 D,
2211 1305 2306 1403 E,
2347 1307 2406 1381 F
2439 1303 2606 1384 duo
2639 1306 2746 1403 D,
2777 1302 2843 1382 E
2880 1321 3226 1409 tangant

464 1453 719 1532 restas
756 1445 1141 1556 pofitione
1174 1449 1403 1527 datas
1429 1447 1622 1545 GD,
1650 1441 1805 1524 GE
1840 1469 2196 1551 quarum
2229 1440 2602 1520 occursus
2640 1441 2723 1519 G
2759 1437 2853 1520 fit
2885 1441 2976 1519 in
3007 1439 3226 1521 reeca

422 1537 635 1671 213.
716 1589 1039 1694 Tanget
1072 1584 1485 1692 reliquum
1518 1585 1575 1663 F
1609 1584 1913 1665 restam
1948 1577 2332 1685 pofitione
2366 1578 2672 1660 datam.

601 1727 1016 1833 Jungatur
1049 1723 1273 1802 enim
1308 1722 1480 1821 GF,
1520 1742 1597 1800 et
1630 1747 1771 1825 per
1806 1723 1863 1799 F
1899 1718 2250 1797 ducatur
2285 1717 2420 1794 KF
2457 1715 2832 1820 parallela
2866 1711 3014 1821 ipfi
3049 1715 3224 1816 AB,

468 1882 999 1969 occurratque
1043 1859 1279 1940 restis
1328 1859 1519 1959 GD,
1560 1857 1741 1956 GE,
1782 1858 1917 1936 GE
1961 1855 2051 1933 in
2097 1855 2218 1952 H,
2259 1853 2365 1952 K,
2404 1853 2471 1931 L
2519 1853 2870 1958 punais.
2965 1851 3228 1960 Igitur

470 1999 867 2108 quoniam
902 1998 1091 2078 data
1124 1998 1235 2076 est
1268 1996 1476 2076 ratio
1512 1995 1663 2074 GB
1700 1993 1803 2074 ad
1840 1994 2002 2091 BC,
2052 1990 2243 2069 data
2280 1990 2430 2070 erit
2461 1989 2670 2070 ratio
2709 1991 2844 2069 KF
2889 1989 2995 2069 ad
3041 1990 3163 2068 FL
3196 2021 3220 2087 3
3321 1991 3326 2000 '

472 2158 551 2218 et
588 2135 997 2244 quoniam
1022 2135 1215 2214 data
1258 2133 1369 2213 est
1413 2132 1622 2212 ratio
1666 2132 1811 2210 CA
1856 2131 1961 2210 ad

466 2274 658 2373 AG,
696 2273 849 2352 erit
883 2293 963 2351 et
993 2270 1201 2352 ratio
1236 2272 1366 2350 LF
1400 2270 1507 2350 ad
1540 2271 1687 2350 FH
1721 2269 1954 2365 data3
2303 2279 2358 2338 E

468 2437 721 2518 quare
749 2419 779 2456 ²¹
802 2408 991 2489 data
1036 2408 1396 2488 estratio
1444 2411 1579 2487 KF
1626 2407 1731 2486 ad
1778 2407 1952 2504 FH,
2374 2389 2554 2511 »Β
3274 2413 3301 2447 ·
3327 2429 3384 2492 9.
3411 2415 3546 2475 Dat.

468 2568 563 2628 ut
598 2567 677 2626 et
712 2547 919 2626 ratio
955 2548 1091 2625 KF
1128 2544 1232 2624 ad
1268 2547 1463 2626 KH.
1568 2541 1958 2624 Pofitione
2154 2561 2212 2622 x
2375 2484 2703 2637 ΔῨΑ
2801 2595 2858 2656 L
3662 2507 3670 2522 ‘

471 2705 746 2764 autem
780 2683 1014 2762 datae
1048 2683 1234 2760 sunt
1269 2683 1473 2781 GH,
1502 2683 1695 2780 GK,
1736 2701 1813 2760 et
1846 2680 1959 2759 est
2095 2718 2156 2777 N
2198 2626 2451 2789 W
2498 2636 3125 2917 R

476 2824 642 2900 KH
680 2819 1055 2924 parallela
1091 2816 1475 2938 pofitione
1510 2819 1743 2898 datae
1766 2819 1950 2915 AB3
2158 2638 2494 2917 [Δ

468 2957 727 3064 specie
760 2957 1017 3065 igitur
1041 2948 1077 3004 b
1101 2955 1391 3035 datum
1428 2956 1539 3037 est
1583 2955 1958 3062 triangu-
2097 2959 2180 3037 G
2461 2962 2540 3036 A
2633 2960 2698 3035 B
3113 2957 3182 3036 C
3267 2967 3296 3012 δ
3321 2989 3427 3048 43.
3455 2973 3588 3030 nat.

466 3097 647 3174 lum
695 3093 1005 3192 GKH,
1073 3121 1323 3199 quare
1366 3093 1556 3173 data
1603 3093 1713 3172 est
1756 3093 1961 3171 ratio
2357 3115 2374 3132 ·

472 3233 637 3313 GK
674 3230 779 3309 ad
815 3233 1014 3330 KH,
1064 3250 1144 3308 et
1176 3250 1593 3336 propterea
1620 3239 1648 3274 ²
1672 3229 1880 3308 ratio
1913 3231 2078 3309 GK
2115 3231 2220 3310 ad
2255 3231 2390 3310 KF
2425 3230 2616 3310 data
2651 3229 2802 3328 est3
2867 3251 2948 3310 et
2981 3227 3220 3308 datm}

470 3371 583 3450 est
617 3367 967 3475 angulus
1005 3367 1289 3466 GKH,
1342 3393 1590 3472 quare
1614 3375 1645 3411 ⁶
1668 3364 1921 3471 specie
1955 3366 2246 3446 datum
2281 3367 2390 3446 est
2425 3368 2933 3476 triangulum
2967 3366 3219 3464 GKF,
3267 3373 3294 3406 ⁶
3319 3391 3426 3450 44·
3447 3374 3590 3432 Dm

474 3507 880 3609 datusque
916 3504 1064 3582 erit
1100 3504 1449 3609 angulus
1488 3501 1735 3583 KGF.
1818 3503 2111 3608 Igitur,
2153 3503 2348 3609 quia
2381 3504 2571 3584 data
2607 3506 2718 3584 est
2751 3505 2917 3583 GK
2949 3500 3226 3608 pofiti·

470 3669 653 3741 one,
706 3661 784 3720 et
818 3639 1107 3720 datum
1144 3640 1252 3718 est
1286 3641 1689 3745 punfium
1723 3638 1835 3737 G,
1886 3641 2100 3721 resta
2138 3643 2280 3720 GF
2314 3639 2698 3746 positione
2731 3642 2923 3721 data
2957 3640 3092 3722 est.

606 3777 1035 3890 Qoniam
1082 3804 1269 3856 vero
1316 3775 1521 3856 ratio
1569 3777 1717 3854 KF
1762 3775 1868 3854 ad
1917 3777 2077 3855 FH
2125 3778 2405 3856 eadem
2454 3779 2591 3877 est,
2645 3770 2775 3890 (ut
2819 3775 3223 3858 ostensum

470 3914 664 4016 fuit,
729 3912 1029 3994 rationi
1074 3910 1552 4018 compofitae
1598 3939 1695 3992 ex
1738 3912 2192 3995 rationibus
2240 3916 2389 3993 GB
2439 3914 2546 3994 ad
2591 3915 2752 4015 BC,
2806 3935 2885 3994 et
2929 3915 3074 3993 CA
3119 3913 3224 3992 ad

470 4053 665 4152 AG,
714 4050 871 4130 hoc
907 4039 1113 4162 estd)
1164 4049 1463 4132 rationi
1497 4051 1947 4156 refixanguli
1982 4050 2164 4151 (ΞΒ,
2201 4052 2345 4131 AC
2381 4051 2484 4130 ad
2528 4050 2797 4157 ipsum
2831 4052 2993 4151 BC,
3030 4051 3222 4149 GA,
3263 4061 3296 4108 θ
3323 4079 3424 4143 ²3·
3463 4065 3524 4130 6.

468 4189 1046 4286 convertendo,
1085 4187 1234 4268 erit
1270 4191 1407 4268 KF
1442 4187 1548 4268 ad
1586 4187 1785 4286 KH,
1822 4207 1919 4266 ut
1952 4189 2522 4295 recitangulum
2554 4188 2736 4288 GB,
2773 4189 2917 4266 AC
2955 4187 3060 4267 ad
3093 4187 3227 4293 ip-

458 4327 655 4408 sum
679 4327 853 4425 AB,
883 4325 1060 4408 GC.
1128 4325 1253 4404 Ut
1274 4325 1531 4434 igitur
1562 4323 2027 4404 inveniatur
2059 4325 2274 4404 reeb·
2308 4325 2479 4425 GF,
2509 4325 2857 4405 ducatur
2891 4322 3224 4433 quaevis

460 4465 645 4544 NM
684 4463 1061 4570 parallela
1092 4459 1239 4571 ipfi
1270 4464 1443 4563 AB,
1470 4458 1855 4568 pofitione
1889 4459 2104 4543 datis
2138 4461 2322 4564 GE,
2349 4461 2512 4544 GD
2543 4489 2970 4546 occurrens
2994 4460 3086 4542 in
3107 4459 3220 4558 N,

1734 4599 1803 4678 B
1836 4598 1895 4678 b
1930 4599 1989 4680 b
2705 4643 2712 4653 ·
