4109 5609
686 319 729 368 δ,
872 343 887 358 =

1078 393 2534 539 LIBER'QUARTUS.
3010 455 3186 547 ,ψεῖ

429 677 619 736 nem
654 649 761 730 ad
792 644 1361 754 red’tangulum
1394 643 1550 743 EF,
1576 642 1729 728 FB.
1797 641 2031 724 Datis
2065 640 2324 752 igitur
2354 644 2452 728 in
2479 647 2695 730 reth
2723 641 2939 734 linea
2971 679 3175 764 qua-

427 811 617 874 tuor
662 781 991 893 punCtis
1033 782 1153 882 H,
1200 779 1317 879 G,
1366 781 1463 880 E,
1514 779 1583 859 B
1627 776 2215 861 inveniendum
2258 782 2370 864 est
2411 783 2804 891 quintum
2849 791 2908 870 F
2951 809 3176 874 extra

429 925 597 1032 ipsa
629 921 735 1004 ad
768 939 1034 1028 partes
1070 920 1135 996 B
1182 917 1409 1024 quod
1450 914 1694 998 faciet
1725 915 2296 1024 teaangulum
2329 920 2507 1020 HF,
2547 921 2689 1003 FG
2723 953 2772 1006 a
2805 925 3178 1036 segmen·-

432 1063 549 1144 tis
582 1059 798 1140 inter
838 1055 1107 1161 ipsum
1152 1073 1231 1132 et
1274 1051 1442 1134 duo
1486 1052 1793 1159 pumsta
1838 1051 1945 1132 ab
1990 1049 2163 1158 ipso
2205 1053 2728 1140 remotifflma
2771 1063 2890 1162 H,
2940 1062 3025 1147 G
3083 1062 3177 1146 in

434 1199 626 1279 data
653 1194 969 1275 ratione
1001 1190 1109 1269 ad
1140 1189 1710 1300 refiangulum
1742 1189 1897 1289 EF,
1934 1190 2060 1269 FB
2096 1217 2148 1269 a
2175 1189 2618 1300 segmentis
2651 1195 2866 1283 inter
2905 1197 3186 1306 ipsum·

410 1325 511 1416 'et
540 1333 711 1413 duo
742 1329 1055 1435 reiiqua
1089 1327 1393 1433 punfflt
1425 1328 1523 1426 E,
1561 1328 1657 1426 B,
1707 1325 1933 1432 quod
1966 1323 2106 1408 fiet
2140 1354 2292 1432 ope
2325 1331 2556 1436 Prop.
2597 1331 2731 1426 62.

566 1470 771 1549 CAS.
824 1491 899 1548 2.
971 1462 1331 1575 Qando
1374 1463 1669 1542 datum
1712 1462 2045 1570 aequale
2086 1463 2205 1543 est
2243 1465 2643 1573 quadrato
2687 1497 2784 1550 ex
2828 1471 3178 1554 dimidio

432 1607 691 1688 reaae
723 1603 908 1697 AC3
982 1597 1369 1679 bifariam
1404 1597 1659 1708 iginus·
1699 1597 1921 1680 secta
1941 1598 2089 1679 AC
2123 1599 2215 1679 in
2249 1601 2362 1701 G,
2413 1604 2564 1684 erit
2605 1607 3175 1716 refiangulum
3241 1595 3250 1602 ⁸

432 1745 593 1842 AF,
630 1741 771 1821 FC-
790 1765 963 1818 una
1006 1762 1201 1818 cum
1244 1735 1457 1815 dato·-
1482 1735 1889 1842 quadrato
1922 1734 2222 1817 scilicet
2255 1764 2352 1817 ex
2395 1737 2550 1820 GC
2594 1745 2924 1848 aequale
2969 1773 3180 1853 qua-

432 1879 665 1961 drato
710 1904 809 1958 ex
840 1873 1012 1973 GF,
1064 1871 1289 1979 quod
1322 1891 1769 1977 propterea,
1820 1898 1917 1952 ex
1948 1871 2398 1980 hypothefi,
2450 1874 2729 1959 datam
2761 1879 3014 1962 habet·
3042 1909 3178 1964 ra«.-

434 2016 747 2098 tionem
789 2009 897 2093 ad
934 2007 1512 2116 restangulum
1542 2007 1698 2108 EF,
1736 2008 1925 2108 FB,
1964 2007 2116 2090 da..

406 2131 541 2234 'tis
580 2150 841 2260 igitur
882 2146 974 2226 in
1016 2146 1245 2226 reeta
1277 2144 1492 2224 unca
1534 2142 1801 2224 tribus
1847 2169 2128 2252 punc-
2246 2189 2328 2269 Α
2417 2187 2503 2270 G
2663 2191 2732 2272 C
2797 2193 2866 2274 E
2975 2194 3043 2274 B
3124 2195 3187 2278 F

436 2288 539 2370 tis
586 2288 703 2388 G,
764 2285 872 2383 E,
922 2283 991 2362 B
1050 2279 1635 2361 inveniendum
1692 2280 1803 2360 est
1860 2307 2114 2388 quar-

436 2446 618 2508 tum
652 2425 713 2506 F
746 2416 1167 2523 extraipfa
1200 2417 1309 2496 aad
1341 2415 1707 2522 partesB
1742 2416 2128 2524 quodfa-

437 2562 595 2644 ciet
648 2554 1223 2665 refiangulum
1277 2553 1446 2653 EF,
1507 2555 1567 2634 F
1581 2552 1648 2633 B
1708 2579 1771 2632 a.
1814 2552 2246 2663 segmentis
2291 2551 2516 2636 inter
2547 2553 2819 2664 ipsum
2875 2579 2958 2642 et
3015 2559 3184 2644 duo

436 2697 745 2808 punCta
774 2695 871 2796 E,
909 2693 976 2771 B
1010 2686 1159 2796 ipfi
1193 2687 1579 2796 propiora
1603 2685 1715 2768 ad
1741 2689 2244 2796 quadratum
2275 2718 2370 2772 ex
2403 2691 2548 2772 FG
2589 2685 3069 2804 seginento
3047 2723 3188 2778 m·-

436 2858 557 2917 ter
585 2833 861 2940 ipsum
904 2850 983 2910 et
1016 2827 1420 2934 puntstum
1450 2823 1868 2934 reliquum,
1897 2825 2039 2906 G
2016 2855 2118 2908 m·-
2151 2827 2343 2909 data
2385 2828 2725 2931 ratione,
2774 2830 3000 2940 quod
3044 2832 3188 2916 fiet

438 2997 587 3080 ope
620 2973 857 3077 Prop.
894 2991 1030 3072 55.
1606 2965 1615 2972 ’
3147 3011 3156 3020 -

574 3107 779 3188 Cas,
810 3129 887 3211 3.
924 3101 1289 3215 Qando
1318 3099 1609 3182 datum
1638 3101 1907 3210 majus
1940 3101 2053 3184 est
2085 3089 2484 3210 'quadrato
2519 3131 2616 3184 ex
2647 3103 2802 3186 GC
2833 3101 3188 3188 dimidio

439 3243 699 3326 restae
729 3240 918 3339 AC;
968 3235 1066 3321 fit
1098 3236 1391 3319 datum
1424 3239 1754 3345 aequale
1787 3239 2190 3347 quadrato
2223 3266 2320 3321 ex
2353 3240 2508 3320 GC
2537 3265 2707 3322 una
2733 3237 2938 3323 'cum
2973 3271 3184 3352 qua-

440 3381 676 3462 drato
708 3403 807 3457 ex
838 3375 1043 3477 GH,
1106 3392 1189 3455 et
1226 3373 1797 3485 reaangulum
1839 3377 2005 3478 AF,
2041 3375 2172 3458 FC
2199 3372 2438 3456 fimul
2476 3403 2670 3458 cum
2703 3377 2924 3481 dato,
2975 3405 3187 3486 qua-

442 3517 681 3597 drato
726 3511 1025 3595 scilicet
1080 3535 1179 3589 ex
1221 3509 1379 3590 GC
1418 3537 1586 3590 una
1630 3537 1832 3594 cum
1870 3537 1971 3593 eo
2012 3535 2110 3592 ex

446 3651 651 3752 GH,
685 3646 1015 3757 aequale
1048 3643 1201 3728 erit
1233 3646 1632 3754 quadrato
1666 3673 1763 3728 ex
1784 3647 1929 3730 GF
1950 3673 2122 3730 una
2252 3690 2333 3769 A
2456 3687 2539 3769 G
2567 3689 2656 3768 H
2714 3689 2783 3771 C
2817 3690 2884 3770 E
2979 3692 3044 3772 B
3128 3691 3187 3772 F

446 3813 641 3872 cum
676 3783 1075 3894 quadrato
1098 3809 1194 3862 ex
1216 3782 1421 3885 GH,
1459 3809 1669 3892 quae
1701 3803 2122 3892 propterea

446 3921 685 4004 fimul
719 3923 997 4003 datam
1018 3897 1353 4022 habent,
1382 3945 1480 4000 ex
1500 3919 1951 4030 hypothefi,
1978 3947 2117 4000 ra-

447 4061 760 4142 tionem
784 4056 889 4139 ad
921 4057 1489 4166 redtangulum
1520 4057 1675 4157 EF,
1703 4058 1875 4159 FB3
1922 4055 2182 4168 igitur
2216 4055 2710 4163 'quadratum
2733 4081 2830 4137 ex
2863 4057 3008 4139 GF
3030 4060 3196 4140 mi·-

450 4225 607 4280 nus
641 4195 757 4277 est
788 4193 1258 4302 rediangulo
1272 4193 1449 4297 EF,
1488 4195 1613 4274 FB
1646 4193 1869 4293 dato,
1908 4219 2166 4300 quam
2197 4192 2290 4271 in
2321 4191 2662 4293 ratione,
2709 4185 2792 4274 'et
2823 4211 3198 4302 propter-

451 4360 544 4415 ea
572 4332 1145 4441 refizangulum
1178 4329 1303 4410 EF
1306 4331 1473 4431 ,FB
1506 4329 1773 4437 majus
1808 4330 1918 4411 est
1951 4329 2350 4436 quadrato
2384 4357 2478 4408 ex
2511 4330 2658 4409 GF
2683 4328 2905 4432 dato,
2943 4359 3201 4440 quam

454 4471 544 4552 in
574 4469 891 4554 ratione
926 4463 1105 4577 [14.
1139 4461 1371 4576 Dan]
1454 4466 1689 4550 Datis
1722 4465 1979 4580 igitur
2010 4467 2102 4546 in
2133 4465 2350 4548 resta
2386 4461 2598 4548 linea
2631 4465 2896 4548 tribus
2930 4492 3197 4574 punc-
