<?xml version="1.0" encoding="UTF-8"?>
<!DOCTYPE html PUBLIC "-//W3C//DTD XHTML 1.0 Transitional//EN"
    "http://www.w3.org/TR/xhtml1/DTD/xhtml1-transitional.dtd">
<html xmlns="http://www.w3.org/1999/xhtml" xml:lang="en" lang="en">
 <head>
  <title>
</title>
<meta http-equiv="Content-Type" content="text/html;charset=utf-8" />
  <meta name='ocr-system' content='tesseract 3.04.00' />
  <meta name='ocr-capabilities' content='ocr_page ocr_carea ocr_par ocr_line ocrx_word'/>
</head>
<body>
  <div class='ocr_page' id='page_1' title='image "./robertisimsonmd00unkngoog_0689.png"; bbox 0 0 4109 5609; ppageno 0'>
   <div class='ocr_carea' id='block_1_1' title="bbox 717 432 3200 553">
    <p class='ocr_par' dir='ltr' id='par_1_1' title="bbox 717 432 3200 553">
     <span class='ocr_line' id='line_1_1' title="bbox 717 432 3200 553; baseline 0.001 -36"><span class='ocrx_word' id='word_1_1' title='bbox 717 432 1807 553; x_wconf 68' lang='lat' dir='ltr'>QUANTITATUM</span> <span class='ocrx_word' id='word_1_2' title='bbox 1874 432 2045 513; x_wconf 90' lang='lat' dir='ltr'><strong>ET</strong></span> <span class='ocrx_word' id='word_1_3' title='bbox 2113 433 2920 519; x_wconf 89' lang='lat' dir='ltr'><strong>RATIONUM.</strong></span> <span class='ocrx_word' id='word_1_4' title='bbox 3091 462 3200 548; x_wconf 79' lang='lat'><strong>29</strong></span> 
     </span>
    </p>
   </div>
   <div class='ocr_carea' id='block_1_2' title="bbox 1383 707 2251 791">
    <p class='ocr_par' dir='ltr' id='par_1_2' title="bbox 1383 707 2251 791">
     <span class='ocr_line' id='line_1_2' title="bbox 1383 707 2251 791; baseline 0.002 -2"><span class='ocrx_word' id='word_1_5' title='bbox 1383 710 1445 789; x_wconf 93' lang='lat' dir='ltr'>P</span> <span class='ocrx_word' id='word_1_6' title='bbox 1512 710 1585 789; x_wconf 89' lang='lat' dir='ltr'>R</span> <span class='ocrx_word' id='word_1_7' title='bbox 1655 707 1730 788; x_wconf 91' lang='lat' dir='ltr'>O</span> <span class='ocrx_word' id='word_1_8' title='bbox 1797 710 1882 790; x_wconf 90' lang='lat' dir='ltr'><strong>P.</strong></span> <span class='ocrx_word' id='word_1_9' title='bbox 2020 708 2251 791; x_wconf 90' lang='lat' dir='ltr'>XIV.</span> 
     </span>
    </p>
   </div>
   <div class='ocr_carea' id='block_1_3' title="bbox 443 924 3196 1030">
    <p class='ocr_par' dir='ltr' id='par_1_3' title="bbox 443 924 3196 1030">
     <span class='ocr_line' id='line_1_3' title="bbox 443 924 3196 1030; baseline 0.002 -21"><span class='ocrx_word' id='word_1_10' title='bbox 443 939 503 979; x_wconf 87' lang='lat'>“</span> <span class='ocrx_word' id='word_1_11' title='bbox 552 932 667 1011; x_wconf 90' lang='lat' dir='ltr'><strong>SI</strong></span> <span class='ocrx_word' id='word_1_12' title='bbox 711 929 1051 1010; x_wconf 87' lang='lat' dir='ltr'><strong>rationis</strong></span> <span class='ocrx_word' id='word_1_13' title='bbox 1095 929 1253 1008; x_wconf 89' lang='lat' dir='ltr'><strong>AB</strong></span> <span class='ocrx_word' id='word_1_14' title='bbox 1302 927 1407 1007; x_wconf 89' lang='lat' dir='ltr'><strong>ad</strong></span> <span class='ocrx_word' id='word_1_15' title='bbox 1453 927 1601 1007; x_wconf 89' lang='lat' dir='ltr'><strong>BC</strong></span> <span class='ocrx_word' id='word_1_16' title='bbox 1646 924 1923 1006; x_wconf 88' lang='lat' dir='ltr'>Limes</span> <span class='ocrx_word' id='word_1_17' title='bbox 1969 925 2065 1006; x_wconf 87' lang='lat' dir='ltr'><strong>fit</strong></span> <span class='ocrx_word' id='word_1_18' title='bbox 2111 925 2320 1006; x_wconf 89' lang='lat' dir='ltr'><strong>ratio</strong></span> <span class='ocrx_word' id='word_1_19' title='bbox 2351 926 2444 1007; x_wconf 80' lang='lat' dir='ltr'><strong>ab</strong></span> <span class='ocrx_word' id='word_1_20' title='bbox 2489 928 2592 1007; x_wconf 87' lang='lat' dir='ltr'><strong>acl</strong></span> <span class='ocrx_word' id='word_1_21' title='bbox 2640 929 2750 1030; x_wconf 87' lang='lat' dir='ltr'><strong>bc,</strong></span> <span class='ocrx_word' id='word_1_22' title='bbox 2798 927 2954 1012; x_wconf 88' lang='lat' dir='ltr'><strong>hoc</strong></span> <span class='ocrx_word' id='word_1_23' title='bbox 2993 934 3103 1013; x_wconf 91' lang='lat' dir='ltr'><strong>est</strong></span> <span class='ocrx_word' id='word_1_24' title='bbox 3134 932 3196 1013; x_wconf 87' lang='lat' dir='ltr'><strong>fi</strong></span> 
     </span>
    </p>
   </div>
   <div class='ocr_carea' id='block_1_4' title="bbox 444 1061 3202 1303">
    <p class='ocr_par' dir='ltr' id='par_1_4' title="bbox 444 1061 3202 1303">
     <span class='ocr_line' id='line_1_4' title="bbox 444 1061 3202 1172; baseline 0.003 -26"><span class='ocrx_word' id='word_1_25' title='bbox 444 1076 505 1115; x_wconf 73' lang='lat'><strong>‘⁴</strong></span> <span class='ocrx_word' id='word_1_26' title='bbox 562 1068 770 1149; x_wconf 88' lang='lat' dir='ltr'><strong>ratio</strong></span> <span class='ocrx_word' id='word_1_27' title='bbox 825 1069 967 1146; x_wconf 92' lang='lat' dir='ltr'><strong>AB</strong></span> <span class='ocrx_word' id='word_1_28' title='bbox 1015 1066 1121 1146; x_wconf 83' lang='lat' dir='ltr'><strong>ad</strong></span> <span class='ocrx_word' id='word_1_29' title='bbox 1166 1066 1303 1145; x_wconf 91' lang='lat' dir='ltr'><strong>BC</strong></span> <span class='ocrx_word' id='word_1_30' title='bbox 1359 1065 1669 1172; x_wconf 88' lang='lat' dir='ltr'>semper</span> <span class='ocrx_word' id='word_1_31' title='bbox 1736 1063 2011 1144; x_wconf 87' lang='lat' dir='ltr'><strong>minor</strong></span> <span class='ocrx_word' id='word_1_32' title='bbox 2078 1061 2175 1143; x_wconf 91' lang='lat' dir='ltr'><strong>fit</strong></span> <span class='ocrx_word' id='word_1_33' title='bbox 2219 1064 2531 1145; x_wconf 87' lang='lat' dir='ltr'><strong>ratione</strong></span> <span class='ocrx_word' id='word_1_34' title='bbox 2585 1066 2677 1146; x_wconf 82' lang='lat' dir='ltr'><strong>ab</strong></span> <span class='ocrx_word' id='word_1_35' title='bbox 2721 1067 2827 1148; x_wconf 89' lang='lat' dir='ltr'><strong>ad</strong></span> <span class='ocrx_word' id='word_1_36' title='bbox 2871 1067 2979 1169; x_wconf 88' lang='lat' dir='ltr'><strong>bc,</strong></span> <span class='ocrx_word' id='word_1_37' title='bbox 3033 1072 3202 1155; x_wconf 57' lang='lat' dir='ltr'><strong>&amp;Q</strong></span> 
     </span>
     <span class='ocr_line' id='line_1_5' title="bbox 444 1200 3094 1303; baseline 0.002 -21"><span class='ocrx_word' id='word_1_38' title='bbox 444 1212 503 1253; x_wconf 88' lang='lat'><strong>“</strong></span> <span class='ocrx_word' id='word_1_39' title='bbox 550 1204 1046 1303; x_wconf 81' lang='lat' dir='ltr'><strong>DividendO,</strong></span> <span class='ocrx_word' id='word_1_40' title='bbox 1096 1202 1435 1284; x_wconf 82' lang='lat' dir='ltr'><strong>rationis</strong></span> <span class='ocrx_word' id='word_1_41' title='bbox 1469 1205 1617 1282; x_wconf 92' lang='lat' dir='ltr'><strong>AC</strong></span> <span class='ocrx_word' id='word_1_42' title='bbox 1652 1202 1759 1281; x_wconf 90' lang='lat' dir='ltr'><strong>ad</strong></span> <span class='ocrx_word' id='word_1_43' title='bbox 1794 1203 1925 1280; x_wconf 93' lang='lat' dir='ltr'><strong>CB</strong></span> <span class='ocrx_word' id='word_1_44' title='bbox 1958 1200 2236 1281; x_wconf 85' lang='lat' dir='ltr'>Limes</span> <span class='ocrx_word' id='word_1_45' title='bbox 2285 1202 2394 1282; x_wconf 91' lang='lat' dir='ltr'><strong>est</strong></span> <span class='ocrx_word' id='word_1_46' title='bbox 2429 1201 2635 1282; x_wconf 86' lang='lat' dir='ltr'><strong>ratio</strong></span> <span class='ocrx_word' id='word_1_47' title='bbox 2672 1233 2760 1284; x_wconf 86' lang='lat' dir='ltr'><strong>ac</strong></span> <span class='ocrx_word' id='word_1_48' title='bbox 2793 1205 2899 1284; x_wconf 88' lang='lat' dir='ltr'><strong>ad</strong></span> <span class='ocrx_word' id='word_1_49' title='bbox 2933 1204 3094 1289; x_wconf 88' lang='lat' dir='ltr'><em>cb.”</em></span> 
     </span>
    </p>
   </div>
   <div class='ocr_carea' id='block_1_5' title="bbox 442 1476 3200 1852">
    <p class='ocr_par' dir='ltr' id='par_1_5' title="bbox 442 1476 3200 1852">
     <span class='ocr_line' id='line_1_6' title="bbox 578 1476 3200 1585; baseline 0 -24"><span class='ocrx_word' id='word_1_50' title='bbox 578 1480 799 1561; x_wconf 86' lang='lat' dir='ltr'><strong>Nam</strong></span> <span class='ocrx_word' id='word_1_51' title='bbox 834 1478 1235 1585; x_wconf 87' lang='lat' dir='ltr'><strong>quoniam</strong></span> <span class='ocrx_word' id='word_1_52' title='bbox 1280 1476 1486 1558; x_wconf 86' lang='lat' dir='ltr'><strong>ratio</strong></span> <span class='ocrx_word' id='word_1_53' title='bbox 1522 1480 1664 1557; x_wconf 92' lang='lat' dir='ltr'><strong>AB</strong></span> <span class='ocrx_word' id='word_1_54' title='bbox 1713 1476 1819 1555; x_wconf 89' lang='lat' dir='ltr'><strong>ad</strong></span> <span class='ocrx_word' id='word_1_55' title='bbox 1866 1476 1999 1556; x_wconf 92' lang='lat' dir='ltr'><strong>BC</strong></span> <span class='ocrx_word' id='word_1_56' title='bbox 2044 1476 2356 1583; x_wconf 89' lang='lat' dir='ltr'><strong>semper</strong></span> <span class='ocrx_word' id='word_1_57' title='bbox 2399 1476 2674 1558; x_wconf 85' lang='lat' dir='ltr'><strong>minor</strong></span> <span class='ocrx_word' id='word_1_58' title='bbox 2733 1480 2844 1560; x_wconf 91' lang='lat' dir='ltr'><strong>est</strong></span> <span class='ocrx_word' id='word_1_59' title='bbox 2887 1481 3200 1562; x_wconf 86' lang='lat' dir='ltr'><strong>ratione</strong></span> 
     </span>
     <span class='ocr_line' id='line_1_7' title="bbox 442 1605 3198 1721; baseline 0.001 -24"><span class='ocrx_word' id='word_1_60' title='bbox 442 1616 537 1699; x_wconf 81' lang='lat' dir='ltr'><strong>ab</strong></span> <span class='ocrx_word' id='word_1_61' title='bbox 570 1617 672 1696; x_wconf 90' lang='lat' dir='ltr'><strong>ad</strong></span> <span class='ocrx_word' id='word_1_62' title='bbox 708 1618 819 1716; x_wconf 85' lang='lat' dir='ltr'><strong>bc,</strong></span> <span class='ocrx_word' id='word_1_63' title='bbox 868 1614 1311 1695; x_wconf 81' lang='lat' dir='ltr'><strong>dividendo</strong></span> <span class='ocrx_word' id='word_1_64' title='bbox 1356 1615 1509 1695; x_wconf 89' lang='lat' dir='ltr'><strong>erit</strong></span> <span class='ocrx_word' id='word_1_65' title='bbox 1541 1614 1749 1695; x_wconf 88' lang='lat' dir='ltr'><strong>ratio</strong></span> <span class='ocrx_word' id='word_1_66' title='bbox 1793 1616 1939 1695; x_wconf 91' lang='lat' dir='ltr'><strong>AC</strong></span> <span class='ocrx_word' id='word_1_67' title='bbox 1975 1614 2080 1694; x_wconf 83' lang='lat' dir='ltr'><strong>ad</strong></span> <span class='ocrx_word' id='word_1_68' title='bbox 2116 1615 2248 1695; x_wconf 91' lang='lat' dir='ltr'><strong>CB</strong></span> <span class='ocrx_word' id='word_1_69' title='bbox 2284 1616 2594 1721; x_wconf 89' lang='lat' dir='ltr'><strong>semper</strong></span> <span class='ocrx_word' id='word_1_70' title='bbox 2635 1616 2910 1699; x_wconf 88' lang='lat' dir='ltr'><strong>minor</strong></span> <span class='ocrx_word' id='word_1_71' title='bbox 2942 1605 3198 1700; x_wconf 54' lang='lat' dir='ltr'><strong>ratio-&#39;-</strong></span> 
     </span>
     <span class='ocr_line' id='line_1_8' title="bbox 442 1752 1936 1852; baseline -0.002 -18"><span class='ocrx_word' id='word_1_72' title='bbox 442 1756 549 1835; x_wconf 66' lang='lat' dir='ltr'><strong>ize</strong></span> <span class='ocrx_word' id='word_1_73' title='bbox 592 1782 681 1835; x_wconf 86' lang='lat' dir='ltr'><strong>ac</strong></span> <span class='ocrx_word' id='word_1_74' title='bbox 714 1754 820 1833; x_wconf 88' lang='lat' dir='ltr'><strong>ad</strong></span> <span class='ocrx_word' id='word_1_75' title='bbox 855 1753 973 1832; x_wconf 89' lang='lat' dir='ltr'><strong>cb:</strong></span> <span class='ocrx_word' id='word_1_76' title='bbox 1050 1753 1636 1832; x_wconf 87' lang='lat' dir='ltr'><strong>ostendendum</strong></span> <span class='ocrx_word' id='word_1_77' title='bbox 1670 1752 1936 1852; x_wconf 88' lang='lat' dir='ltr'><strong>restat,</strong></span> 
     </span>
    </p>
   </div>
   <div class='ocr_carea' id='block_1_6' title="bbox 440 1889 3217 2401">
    <p class='ocr_par' dir='ltr' id='par_1_6' title="bbox 440 1889 3217 2401">
     <span class='ocr_line' id='line_1_9' title="bbox 440 1889 3202 1994; baseline 0.001 -22"><span class='ocrx_word' id='word_1_78' title='bbox 440 1892 843 1972; x_wconf 82' lang='lat' dir='ltr'><strong>rationem</strong></span> <span class='ocrx_word' id='word_1_79' title='bbox 865 1892 1010 1970; x_wconf 91' lang='lat' dir='ltr'><strong>AC</strong></span> <span class='ocrx_word' id='word_1_80' title='bbox 1038 1890 1143 1969; x_wconf 88' lang='lat' dir='ltr'><strong>ad</strong></span> <span class='ocrx_word' id='word_1_81' title='bbox 1167 1892 1298 1970; x_wconf 91' lang='lat' dir='ltr'><strong>CB</strong></span> <span class='ocrx_word' id='word_1_82' title='bbox 1334 1889 1727 1994; x_wconf 84' lang='lat' dir='ltr'><strong>majorem</strong></span> <span class='ocrx_word' id='word_1_83' title='bbox 1762 1889 1937 1969; x_wconf 87' lang='lat' dir='ltr'><strong>fieri</strong></span> <span class='ocrx_word' id='word_1_84' title='bbox 2075 1896 2154 1973; x_wconf 91' lang='lat' dir='ltr'>A</span> <span class='ocrx_word' id='word_1_85' title='bbox 2600 1898 2665 1975; x_wconf 92' lang='lat' dir='ltr'>C</span> <span class='ocrx_word' id='word_1_86' title='bbox 2735 1892 2804 1975; x_wconf 93' lang='lat' dir='ltr'><em>C</em></span> <span class='ocrx_word' id='word_1_87' title='bbox 2999 1902 3064 1980; x_wconf 92' lang='lat' dir='ltr'>B</span> <span class='ocrx_word' id='word_1_88' title='bbox 3116 1898 3202 1977; x_wconf 79' lang='grc' dir='ltr'><strong><em>Β</em></strong></span> 
     </span>
     <span class='ocr_line' id='line_1_10' title="bbox 440 2002 3217 2136; baseline -0.001 -29"><span class='ocrx_word' id='word_1_89' title='bbox 440 2002 655 2136; x_wconf 85' lang='lat' dir='ltr'><strong>poffe</strong></span> <span class='ocrx_word' id='word_1_90' title='bbox 750 2054 1243 2135; x_wconf 87' lang='lat' dir='ltr'><strong>quacunque</strong></span> <span class='ocrx_word' id='word_1_91' title='bbox 1320 2025 1631 2107; x_wconf 88' lang='lat' dir='ltr'><strong>ratione</strong></span> <span class='ocrx_word' id='word_1_92' title='bbox 1711 2028 1929 2127; x_wconf 86' lang='lat' dir='ltr'>data,</span> <span class='ocrx_word' id='word_1_93' title='bbox 2076 2030 3217 2077; x_wconf 80' lang='lat'><strong>····-·-·······¹···-¹··-·-¹--·</strong></span> 
     </span>
     <span class='ocr_line' id='line_1_11' title="bbox 442 2164 3082 2303; baseline -0.002 -56"><span class='ocrx_word' id='word_1_94' title='bbox 442 2194 654 2285; x_wconf 86' lang='lat' dir='ltr'><strong>quae</strong></span> <span class='ocrx_word' id='word_1_95' title='bbox 700 2165 974 2245; x_wconf 89' lang='lat' dir='ltr'><strong>minor</strong></span> <span class='ocrx_word' id='word_1_96' title='bbox 1019 2165 1129 2244; x_wconf 90' lang='lat' dir='ltr'><strong>est</strong></span> <span class='ocrx_word' id='word_1_97' title='bbox 1163 2164 1479 2244; x_wconf 85' lang='lat' dir='ltr'><strong>ratione</strong></span> <span class='ocrx_word' id='word_1_98' title='bbox 1518 2192 1607 2243; x_wconf 84' lang='lat' dir='ltr'><strong>ac</strong></span> <span class='ocrx_word' id='word_1_99' title='bbox 1650 2165 1755 2244; x_wconf 89' lang='lat' dir='ltr'><strong>ad</strong></span> <span class='ocrx_word' id='word_1_100' title='bbox 1802 2164 1927 2263; x_wconf 81' lang='lat' dir='ltr'><strong>cb3</strong></span> <span class='ocrx_word' id='word_1_101' title='bbox 2157 2240 2208 2292; x_wconf 66' lang='lat' dir='ltr'><em>a</em></span> <span class='ocrx_word' id='word_1_102' title='bbox 2634 2222 2694 2296; x_wconf 73' lang='lat' dir='ltr'><em>d</em></span> <span class='ocrx_word' id='word_1_103' title='bbox 2788 2248 2830 2299; x_wconf 67' lang='lat' dir='ltr'><em>c</em></span> <span class='ocrx_word' id='word_1_104' title='bbox 3035 2222 3082 2303; x_wconf 76' lang='lat' dir='ltr'><em>b</em></span> 
     </span>
     <span class='ocr_line' id='line_1_12' title="bbox 442 2300 3083 2401; baseline -0.001 -18"><span class='ocrx_word' id='word_1_105' title='bbox 442 2300 539 2384; x_wconf 84' lang='lat' dir='ltr'><strong>fit</strong></span> <span class='ocrx_word' id='word_1_106' title='bbox 583 2304 793 2383; x_wconf 81' lang='lat' dir='ltr'><strong>ratio</strong></span> <span class='ocrx_word' id='word_1_107' title='bbox 838 2302 1029 2382; x_wconf 88' lang='lat' dir='ltr'>data</span> <span class='ocrx_word' id='word_1_108' title='bbox 1073 2305 1180 2382; x_wconf 87' lang='lat' dir='ltr'><strong>ad</strong></span> <span class='ocrx_word' id='word_1_109' title='bbox 1209 2301 1312 2382; x_wconf 83' lang='lat' dir='ltr'><strong>ad</strong></span> <span class='ocrx_word' id='word_1_110' title='bbox 1348 2301 1443 2379; x_wconf 88' lang='lat' dir='ltr'><strong>db</strong></span> <span class='ocrx_word' id='word_1_111' title='bbox 1488 2300 1763 2381; x_wconf 79' lang='lat' dir='ltr'><strong>minor</strong></span> <span class='ocrx_word' id='word_1_112' title='bbox 1795 2330 1930 2381; x_wconf 81' lang='lat' dir='ltr'><strong>ra-</strong></span> <span class='ocrx_word' id='word_1_113' title='bbox 2170 2355 3083 2401; x_wconf 37' lang='lat'><strong>——2—,4—</strong></span> 
     </span>
    </p>
   </div>
   <div class='ocr_carea' id='block_1_7' title="bbox 439 2439 3224 3784">
    <p class='ocr_par' dir='ltr' id='par_1_7' title="bbox 441 2439 1925 2545">
     <span class='ocr_line' id='line_1_13' title="bbox 441 2439 1925 2545; baseline -0.002 -24"><span class='ocrx_word' id='word_1_114' title='bbox 441 2441 666 2521; x_wconf 89' lang='lat' dir='ltr'><strong>tione</strong></span> <span class='ocrx_word' id='word_1_115' title='bbox 723 2464 813 2521; x_wconf 82' lang='lat' dir='ltr'><strong>ac</strong></span> <span class='ocrx_word' id='word_1_116' title='bbox 867 2439 971 2519; x_wconf 87' lang='lat' dir='ltr'><strong>ad</strong></span> <span class='ocrx_word' id='word_1_117' title='bbox 1028 2439 1140 2539; x_wconf 85' lang='lat' dir='ltr'><strong>cb,</strong></span> <span class='ocrx_word' id='word_1_118' title='bbox 1192 2460 1269 2519; x_wconf 88' lang='lat' dir='ltr'><strong>et</strong></span> <span class='ocrx_word' id='word_1_119' title='bbox 1332 2439 1925 2545; x_wconf 74' lang='lat' dir='ltr'><strong>componendO,</strong></span> 
     </span>
    </p>

    <p class='ocr_par' dir='ltr' id='par_1_8' title="bbox 439 2572 3224 3784">
     <span class='ocr_line' id='line_1_14' title="bbox 442 2572 3208 2685; baseline 0.003 -27"><span class='ocrx_word' id='word_1_120' title='bbox 442 2577 655 2658; x_wconf 86' lang='lat' dir='ltr'><strong>ratio</strong></span> <span class='ocrx_word' id='word_1_121' title='bbox 688 2577 784 2657; x_wconf 85' lang='lat' dir='ltr'><strong>ab</strong></span> <span class='ocrx_word' id='word_1_122' title='bbox 816 2576 921 2657; x_wconf 83' lang='lat' dir='ltr'><strong>ad</strong></span> <span class='ocrx_word' id='word_1_123' title='bbox 954 2576 1052 2656; x_wconf 87' lang='lat' dir='ltr'><strong>bd</strong></span> <span class='ocrx_word' id='word_1_124' title='bbox 1080 2576 1357 2656; x_wconf 90' lang='lat' dir='ltr'><strong>minor</strong></span> <span class='ocrx_word' id='word_1_125' title='bbox 1390 2576 1541 2655; x_wconf 86' lang='lat' dir='ltr'><strong>erit</strong></span> <span class='ocrx_word' id='word_1_126' title='bbox 1567 2576 1877 2657; x_wconf 84' lang='lat' dir='ltr'><strong>ratione</strong></span> <span class='ocrx_word' id='word_1_127' title='bbox 1913 2575 2006 2658; x_wconf 86' lang='lat' dir='ltr'><strong>ab</strong></span> <span class='ocrx_word' id='word_1_128' title='bbox 2037 2572 2144 2657; x_wconf 84' lang='lat' dir='ltr'><strong>ad</strong></span> <span class='ocrx_word' id='word_1_129' title='bbox 2179 2574 2295 2655; x_wconf 84' lang='lat' dir='ltr'><strong>bc:</strong></span> <span class='ocrx_word' id='word_1_130' title='bbox 2349 2602 2444 2657; x_wconf 87' lang='lat' dir='ltr'><strong>ex</strong></span> <span class='ocrx_word' id='word_1_131' title='bbox 2465 2576 2888 2685; x_wconf 76' lang='lat' dir='ltr'><strong>hypothesi</strong></span> <span class='ocrx_word' id='word_1_132' title='bbox 2921 2604 3208 2665; x_wconf 80' lang='lat' dir='ltr'><strong>autem·</strong></span> 
     </span>
     <span class='ocr_line' id='line_1_15' title="bbox 439 2710 3202 2824; baseline 0.002 -29"><span class='ocrx_word' id='word_1_133' title='bbox 439 2714 655 2795; x_wconf 86' lang='lat' dir='ltr'><strong>ratio</strong></span> <span class='ocrx_word' id='word_1_134' title='bbox 694 2716 839 2793; x_wconf 87' lang='lat' dir='ltr'><strong>AB</strong></span> <span class='ocrx_word' id='word_1_135' title='bbox 887 2713 993 2793; x_wconf 83' lang='lat' dir='ltr'><strong>ad</strong></span> <span class='ocrx_word' id='word_1_136' title='bbox 1038 2715 1172 2793; x_wconf 92' lang='lat' dir='ltr'><strong>BC</strong></span> <span class='ocrx_word' id='word_1_137' title='bbox 1216 2710 1477 2817; x_wconf 89' lang='lat' dir='ltr'><strong>major</strong></span> <span class='ocrx_word' id='word_1_138' title='bbox 1512 2711 1687 2791; x_wconf 89' lang='lat' dir='ltr'><strong>fieri</strong></span> <span class='ocrx_word' id='word_1_139' title='bbox 1722 2716 1975 2819; x_wconf 83' lang='lat' dir='ltr'><strong>potest</strong></span> <span class='ocrx_word' id='word_1_140' title='bbox 2008 2710 2323 2794; x_wconf 84' lang='lat' dir='ltr'><strong>ratione</strong></span> <span class='ocrx_word' id='word_1_141' title='bbox 2359 2742 2854 2824; x_wconf 87' lang='lat' dir='ltr'><strong>quacunque</strong></span> <span class='ocrx_word' id='word_1_142' title='bbox 2885 2718 3075 2800; x_wconf 86' lang='lat' dir='ltr'>data</span> <span class='ocrx_word' id='word_1_143' title='bbox 3109 2723 3202 2801; x_wconf 86' lang='lat' dir='ltr'><strong>ab</strong></span> 
     </span>
     <span class='ocr_line' id='line_1_16' title="bbox 444 2848 3200 2957; baseline 0.002 -25"><span class='ocrx_word' id='word_1_144' title='bbox 444 2851 552 2932; x_wconf 83' lang='lat' dir='ltr'><strong>ad</strong></span> <span class='ocrx_word' id='word_1_145' title='bbox 600 2852 720 2950; x_wconf 82' lang='lat' dir='ltr'><strong>bd,</strong></span> <span class='ocrx_word' id='word_1_146' title='bbox 784 2878 993 2957; x_wconf 82' lang='lat' dir='ltr'><strong>quae</strong></span> <span class='ocrx_word' id='word_1_147' title='bbox 1037 2850 1309 2929; x_wconf 88' lang='lat' dir='ltr'><strong>minor</strong></span> <span class='ocrx_word' id='word_1_148' title='bbox 1345 2850 1455 2929; x_wconf 88' lang='lat' dir='ltr'><strong>est</strong></span> <span class='ocrx_word' id='word_1_149' title='bbox 1484 2848 1799 2931; x_wconf 85' lang='lat' dir='ltr'><strong>ratione</strong></span> <span class='ocrx_word' id='word_1_150' title='bbox 1832 2850 1925 2931; x_wconf 86' lang='lat' dir='ltr'><strong>ab</strong></span> <span class='ocrx_word' id='word_1_151' title='bbox 1970 2852 2076 2931; x_wconf 88' lang='lat' dir='ltr'><strong>ad</strong></span> <span class='ocrx_word' id='word_1_152' title='bbox 2121 2849 2245 2948; x_wconf 82' lang='lat' dir='ltr'><strong>bc3</strong></span> <span class='ocrx_word' id='word_1_153' title='bbox 2319 2850 2490 2950; x_wconf 86' lang='lat' dir='ltr'>fiat,</span> <span class='ocrx_word' id='word_1_154' title='bbox 2545 2873 2622 2932; x_wconf 88' lang='lat' dir='ltr'><strong>et</strong></span> <span class='ocrx_word' id='word_1_155' title='bbox 2657 2854 3032 2937; x_wconf 81' lang='lat' dir='ltr'><strong>deveniat</strong></span> <span class='ocrx_word' id='word_1_156' title='bbox 3063 2886 3200 2937; x_wconf 85' lang='lat' dir='ltr'><strong>ra-</strong></span> 
     </span>
     <span class='ocr_line' id='line_1_17' title="bbox 444 2982 3203 3095; baseline 0.003 -27"><span class='ocrx_word' id='word_1_157' title='bbox 444 2990 570 3069; x_wconf 85' lang='lat' dir='ltr'><strong>tio</strong></span> <span class='ocrx_word' id='word_1_158' title='bbox 598 2985 755 3067; x_wconf 86' lang='lat' dir='ltr'><strong>AB</strong></span> <span class='ocrx_word' id='word_1_159' title='bbox 792 2989 896 3068; x_wconf 89' lang='lat' dir='ltr'><strong>ad</strong></span> <span class='ocrx_word' id='word_1_160' title='bbox 942 2982 1090 3065; x_wconf 87' lang='lat' dir='ltr'><strong>BC</strong></span> <span class='ocrx_word' id='word_1_161' title='bbox 1108 3022 1131 3085; x_wconf 88' lang='lat'>;</span> <span class='ocrx_word' id='word_1_162' title='bbox 1206 3007 1284 3066; x_wconf 88' lang='lat' dir='ltr'><strong>et</strong></span> <span class='ocrx_word' id='word_1_163' title='bbox 1318 2985 1790 3086; x_wconf 87' lang='lat' dir='ltr'><strong>dividendo,</strong></span> <span class='ocrx_word' id='word_1_164' title='bbox 1837 2988 2047 3069; x_wconf 77' lang='lat' dir='ltr'><strong>ratio</strong></span> <span class='ocrx_word' id='word_1_165' title='bbox 2078 2983 2227 3067; x_wconf 89' lang='lat' dir='ltr'><strong>AC</strong></span> <span class='ocrx_word' id='word_1_166' title='bbox 2259 2988 2364 3069; x_wconf 88' lang='lat' dir='ltr'><strong>ad</strong></span> <span class='ocrx_word' id='word_1_167' title='bbox 2401 2984 2550 3067; x_wconf 83' lang='lat' dir='ltr'><strong>CB</strong></span> <span class='ocrx_word' id='word_1_168' title='bbox 2585 2992 2844 3095; x_wconf 88' lang='lat' dir='ltr'><strong>major</strong></span> <span class='ocrx_word' id='word_1_169' title='bbox 2877 2993 3030 3073; x_wconf 85' lang='lat' dir='ltr'><strong>erit</strong></span> <span class='ocrx_word' id='word_1_170' title='bbox 3065 3022 3203 3075; x_wconf 88' lang='lat' dir='ltr'><strong>ra-</strong></span> 
     </span>
     <span class='ocr_line' id='line_1_18' title="bbox 448 3123 3220 3235; baseline 0.002 -28"><span class='ocrx_word' id='word_1_171' title='bbox 448 3126 669 3207; x_wconf 87' lang='lat' dir='ltr'><strong>tione</strong></span> <span class='ocrx_word' id='word_1_172' title='bbox 702 3129 807 3203; x_wconf 78' lang='lat' dir='ltr'><strong>ad</strong></span> <span class='ocrx_word' id='word_1_173' title='bbox 836 3125 941 3209; x_wconf 85' lang='lat' dir='ltr'><strong>ad</strong></span> <span class='ocrx_word' id='word_1_174' title='bbox 976 3126 1098 3225; x_wconf 87' lang='lat' dir='ltr'><strong>db,</strong></span> <span class='ocrx_word' id='word_1_175' title='bbox 1127 3124 1282 3204; x_wconf 90' lang='lat' dir='ltr'><strong>hoc</strong></span> <span class='ocrx_word' id='word_1_176' title='bbox 1319 3124 1433 3203; x_wconf 91' lang='lat' dir='ltr'><strong>est</strong></span> <span class='ocrx_word' id='word_1_177' title='bbox 1466 3123 1777 3203; x_wconf 87' lang='lat' dir='ltr'><strong>ratione</strong></span> <span class='ocrx_word' id='word_1_178' title='bbox 1810 3124 2041 3223; x_wconf 79' lang='lat' dir='ltr'>data3</span> <span class='ocrx_word' id='word_1_179' title='bbox 2094 3125 2492 3231; x_wconf 88' lang='lat' dir='ltr'><strong>quoniam</strong></span> <span class='ocrx_word' id='word_1_180' title='bbox 2525 3126 2780 3235; x_wconf 86' lang='lat' dir='ltr'><strong>igitur</strong></span> <span class='ocrx_word' id='word_1_181' title='bbox 2813 3131 3024 3211; x_wconf 84' lang='lat' dir='ltr'><strong>ratio</strong></span> <span class='ocrx_word' id='word_1_182' title='bbox 3056 3134 3220 3213; x_wconf 83' lang='lat' dir='ltr'><strong>AG.</strong></span> 
     </span>
     <span class='ocr_line' id='line_1_19' title="bbox 450 3260 3208 3377; baseline 0.002 -34"><span class='ocrx_word' id='word_1_183' title='bbox 450 3263 557 3343; x_wconf 86' lang='lat' dir='ltr'><strong>ad</strong></span> <span class='ocrx_word' id='word_1_184' title='bbox 602 3266 734 3343; x_wconf 92' lang='lat' dir='ltr'><strong>CB</strong></span> <span class='ocrx_word' id='word_1_185' title='bbox 770 3262 1081 3369; x_wconf 81' lang='lat' dir='ltr'><strong>semper</strong></span> <span class='ocrx_word' id='word_1_186' title='bbox 1113 3261 1388 3341; x_wconf 88' lang='lat' dir='ltr'><strong>minor</strong></span> <span class='ocrx_word' id='word_1_187' title='bbox 1422 3260 1533 3339; x_wconf 85' lang='lat' dir='ltr'><strong>est</strong></span> <span class='ocrx_word' id='word_1_188' title='bbox 1578 3260 1887 3343; x_wconf 86' lang='lat' dir='ltr'><strong>ratione</strong></span> <span class='ocrx_word' id='word_1_189' title='bbox 1922 3288 2013 3341; x_wconf 76' lang='lat' dir='ltr'><strong>ac</strong></span> <span class='ocrx_word' id='word_1_190' title='bbox 2045 3261 2149 3342; x_wconf 88' lang='lat' dir='ltr'><strong>ad</strong></span> <span class='ocrx_word' id='word_1_191' title='bbox 2183 3262 2294 3361; x_wconf 83' lang='lat' dir='ltr'><strong>cb,</strong></span> <span class='ocrx_word' id='word_1_192' title='bbox 2343 3260 2475 3343; x_wconf 90' lang='lat' dir='ltr'><strong>sed</strong></span> <span class='ocrx_word' id='word_1_193' title='bbox 2524 3264 2786 3369; x_wconf 86' lang='lat' dir='ltr'><strong>major</strong></span> <span class='ocrx_word' id='word_1_194' title='bbox 2831 3263 3002 3347; x_wconf 89' lang='lat' dir='ltr'><strong>fieri</strong></span> <span class='ocrx_word' id='word_1_195' title='bbox 3053 3298 3208 3377; x_wconf 86' lang='lat' dir='ltr'><strong>po-</strong></span> 
     </span>
     <span class='ocr_line' id='line_1_20' title="bbox 450 3395 3224 3507; baseline 0.003 -27"><span class='ocrx_word' id='word_1_196' title='bbox 450 3401 598 3481; x_wconf 87' lang='lat' dir='ltr'><strong>test</strong></span> <span class='ocrx_word' id='word_1_197' title='bbox 642 3400 957 3480; x_wconf 86' lang='lat' dir='ltr'><strong>ratione</strong></span> <span class='ocrx_word' id='word_1_198' title='bbox 1004 3424 1497 3505; x_wconf 87' lang='lat' dir='ltr'><strong>quacunque</strong></span> <span class='ocrx_word' id='word_1_199' title='bbox 1541 3395 1731 3476; x_wconf 86' lang='lat' dir='ltr'><strong>dat-a</strong></span> <span class='ocrx_word' id='word_1_200' title='bbox 1775 3401 1880 3476; x_wconf 86' lang='lat' dir='ltr'><strong>ad</strong></span> <span class='ocrx_word' id='word_1_201' title='bbox 1920 3399 2025 3480; x_wconf 85' lang='lat' dir='ltr'><strong>ad</strong></span> <span class='ocrx_word' id='word_1_202' title='bbox 2060 3398 2154 3479; x_wconf 84' lang='lat' dir='ltr'><strong>db</strong></span> <span class='ocrx_word' id='word_1_203' title='bbox 2189 3427 2396 3507; x_wconf 87' lang='lat' dir='ltr'><strong>quae</strong></span> <span class='ocrx_word' id='word_1_204' title='bbox 2430 3400 2707 3479; x_wconf 89' lang='lat' dir='ltr'><strong>minor</strong></span> <span class='ocrx_word' id='word_1_205' title='bbox 2752 3402 2862 3481; x_wconf 92' lang='lat' dir='ltr'><strong>est</strong></span> <span class='ocrx_word' id='word_1_206' title='bbox 2895 3406 3224 3487; x_wconf 71' lang='lat' dir='ltr'><strong>ratione</strong></span> 
     </span>
     <span class='ocr_line' id='line_1_21' title="bbox 451 3533 3210 3639; baseline 0.001 -22"><span class='ocrx_word' id='word_1_207' title='bbox 451 3564 539 3617; x_wconf 82' lang='lat' dir='ltr'><strong>ac</strong></span> <span class='ocrx_word' id='word_1_208' title='bbox 572 3538 677 3617; x_wconf 87' lang='lat' dir='ltr'><strong>ad</strong></span> <span class='ocrx_word' id='word_1_209' title='bbox 721 3537 832 3636; x_wconf 76' lang='lat' dir='ltr'><strong>cb,</strong></span> <span class='ocrx_word' id='word_1_210' title='bbox 872 3536 1023 3617; x_wconf 87' lang='lat' dir='ltr'><strong>erit</strong></span> <span class='ocrx_word' id='word_1_211' title='bbox 1067 3534 1405 3615; x_wconf 86' lang='lat' dir='ltr'><strong>rationis</strong></span> <span class='ocrx_word' id='word_1_212' title='bbox 1427 3536 1573 3613; x_wconf 92' lang='lat' dir='ltr'><strong>AC</strong></span> <span class='ocrx_word' id='word_1_213' title='bbox 1608 3533 1711 3613; x_wconf 85' lang='lat' dir='ltr'><strong>ad</strong></span> <span class='ocrx_word' id='word_1_214' title='bbox 1738 3535 1869 3613; x_wconf 91' lang='lat' dir='ltr'><strong>CB</strong></span> <span class='ocrx_word' id='word_1_215' title='bbox 1902 3536 2210 3639; x_wconf 85' lang='lat' dir='ltr'><strong>Limes,</strong></span> <span class='ocrx_word' id='word_1_216' title='bbox 2259 3536 2467 3618; x_wconf 85' lang='lat' dir='ltr'><strong>ratio</strong></span> <span class='ocrx_word' id='word_1_217' title='bbox 2504 3563 2591 3617; x_wconf 82' lang='lat' dir='ltr'><strong>ac</strong></span> <span class='ocrx_word' id='word_1_218' title='bbox 2625 3538 2728 3617; x_wconf 91' lang='lat' dir='ltr'><strong>ad</strong></span> <span class='ocrx_word' id='word_1_219' title='bbox 2760 3540 2869 3625; x_wconf 84' lang='lat' dir='ltr'><strong>cb.</strong></span> <span class='ocrx_word' id='word_1_220' title='bbox 2965 3542 3067 3623; x_wconf 83' lang='lat' dir='ltr'><strong>Et</strong></span> <span class='ocrx_word' id='word_1_221' title='bbox 3101 3540 3210 3621; x_wconf 87' lang='lat' dir='ltr'><strong>fi-</strong></span> 
     </span>
     <span class='ocr_line' id='line_1_22' title="bbox 448 3670 1993 3784; baseline 0 -29"><span class='ocrx_word' id='word_1_222' title='bbox 448 3674 751 3757; x_wconf 85' lang='lat' dir='ltr'><strong>militer</strong></span> <span class='ocrx_word' id='word_1_223' title='bbox 783 3672 875 3753; x_wconf 87' lang='lat' dir='ltr'><strong>in</strong></span> <span class='ocrx_word' id='word_1_224' title='bbox 908 3673 1222 3780; x_wconf 85' lang='lat' dir='ltr'><strong>reliquo</strong></span> <span class='ocrx_word' id='word_1_225' title='bbox 1257 3670 1481 3753; x_wconf 83' lang='lat' dir='ltr'><strong>casn..</strong></span> <span class='ocrx_word' id='word_1_226' title='bbox 1607 3670 1843 3784; x_wconf 75' lang='lat' dir='ltr'><strong>QE.</strong></span> <span class='ocrx_word' id='word_1_227' title='bbox 1881 3672 1993 3755; x_wconf 78' lang='lat' dir='ltr'><strong>D.</strong></span> 
     </span>
    </p>
   </div>
   <div class='ocr_carea' id='block_1_8' title="bbox 1406 3945 2258 4033">
    <p class='ocr_par' dir='ltr' id='par_1_9' title="bbox 1406 3945 2258 4033">
     <span class='ocr_line' id='line_1_23' title="bbox 1406 3945 2258 4033; baseline 0.002 -8"><span class='ocrx_word' id='word_1_228' title='bbox 1406 3948 1469 4025; x_wconf 91' lang='lat' dir='ltr'>P</span> <span class='ocrx_word' id='word_1_229' title='bbox 1539 3945 1611 4025; x_wconf 91' lang='lat' dir='ltr'>R</span> <span class='ocrx_word' id='word_1_230' title='bbox 1682 3945 1758 4026; x_wconf 91' lang='lat' dir='ltr'>O</span> <span class='ocrx_word' id='word_1_231' title='bbox 1826 3948 1909 4029; x_wconf 85' lang='grc' dir='ltr'><strong>Ρ.</strong></span> <span class='ocrx_word' id='word_1_232' title='bbox 2047 3949 2258 4033; x_wconf 85' lang='lat' dir='ltr'>XV..</span> 
     </span>
    </p>
   </div>
   <div class='ocr_carea' id='block_1_9' title="bbox 453 4218 3228 4626">
    <p class='ocr_par' dir='ltr' id='par_1_10' title="bbox 453 4218 3228 4626">
     <span class='ocr_line' id='line_1_24' title="bbox 458 4218 3206 4325; baseline 0.002 -23"><span class='ocrx_word' id='word_1_233' title='bbox 458 4232 518 4271; x_wconf 89' lang='lat'><strong>“</strong></span> <span class='ocrx_word' id='word_1_234' title='bbox 568 4223 671 4305; x_wconf 90' lang='lat' dir='ltr'><strong>SI</strong></span> <span class='ocrx_word' id='word_1_235' title='bbox 718 4219 923 4301; x_wconf 84' lang='lat' dir='ltr'><strong>ratio</strong></span> <span class='ocrx_word' id='word_1_236' title='bbox 967 4220 1046 4299; x_wconf 89' lang='lat' dir='ltr'>A</span> <span class='ocrx_word' id='word_1_237' title='bbox 1081 4218 1185 4298; x_wconf 85' lang='lat' dir='ltr'><strong>ad</strong></span> <span class='ocrx_word' id='word_1_238' title='bbox 1215 4220 1280 4298; x_wconf 92' lang='lat' dir='ltr'><strong>B</strong></span> <span class='ocrx_word' id='word_1_239' title='bbox 1316 4218 1625 4325; x_wconf 88' lang='lat' dir='ltr'><strong>semper</strong></span> <span class='ocrx_word' id='word_1_240' title='bbox 1658 4218 1945 4300; x_wconf 88' lang='lat' dir='ltr'><strong>eadem</strong></span> <span class='ocrx_word' id='word_1_241' title='bbox 1974 4220 2225 4299; x_wconf 86' lang='lat' dir='ltr'><strong>fuerit</strong></span> <span class='ocrx_word' id='word_1_242' title='bbox 2256 4220 2552 4301; x_wconf 81' lang='lat' dir='ltr'><strong>rationi</strong></span> <span class='ocrx_word' id='word_1_243' title='bbox 2596 4224 2785 4303; x_wconf 74' lang='lat' dir='ltr'><strong>aad</strong></span> <span class='ocrx_word' id='word_1_244' title='bbox 2818 4223 2903 4324; x_wconf 68' lang='grc' dir='ltr'><strong>ὂς</strong></span> <span class='ocrx_word' id='word_1_245' title='bbox 2954 4227 3206 4308; x_wconf 82' lang='lat' dir='ltr'><strong>ratio·</strong></span> 
     </span>
     <span class='ocr_line' id='line_1_25' title="bbox 460 4354 3228 4461; baseline 0.002 -21"><span class='ocrx_word' id='word_1_246' title='bbox 460 4368 518 4409; x_wconf 87' lang='lat'>“</span> <span class='ocrx_word' id='word_1_247' title='bbox 566 4361 697 4442; x_wconf 87' lang='lat' dir='ltr'><strong>nis</strong></span> <span class='ocrx_word' id='word_1_248' title='bbox 734 4380 1007 4441; x_wconf 81' lang='lat' dir='ltr'><strong>autem</strong></span> <span class='ocrx_word' id='word_1_249' title='bbox 1052 4358 1117 4436; x_wconf 92' lang='lat' dir='ltr'>B</span> <span class='ocrx_word' id='word_1_250' title='bbox 1167 4356 1272 4435; x_wconf 84' lang='lat' dir='ltr'><strong>ad</strong></span> <span class='ocrx_word' id='word_1_251' title='bbox 1304 4358 1369 4435; x_wconf 92' lang='lat' dir='ltr'>C</span> <span class='ocrx_word' id='word_1_252' title='bbox 1404 4356 1675 4437; x_wconf 85' lang='lat' dir='ltr'><strong>Limes</strong></span> <span class='ocrx_word' id='word_1_253' title='bbox 1710 4354 1807 4441; x_wconf 89' lang='lat' dir='ltr'><strong>fit</strong></span> <span class='ocrx_word' id='word_1_254' title='bbox 1842 4356 2050 4441; x_wconf 87' lang='lat' dir='ltr'><strong>ratio</strong></span> <span class='ocrx_word' id='word_1_255' title='bbox 2095 4356 2139 4439; x_wconf 89' lang='lat' dir='ltr'><em>b</em></span> <span class='ocrx_word' id='word_1_256' title='bbox 2182 4356 2284 4439; x_wconf 88' lang='lat' dir='ltr'><strong>ad</strong></span> <span class='ocrx_word' id='word_1_257' title='bbox 2309 4382 2392 4461; x_wconf 70' lang='lat'><strong>⁶3</strong></span> <span class='ocrx_word' id='word_1_258' title='bbox 2466 4358 2616 4444; x_wconf 88' lang='lat' dir='ltr'><strong>erit</strong></span> <span class='ocrx_word' id='word_1_259' title='bbox 2663 4361 2872 4457; x_wconf 84' lang='lat' dir='ltr'><strong>ratio</strong></span> <span class='ocrx_word' id='word_1_260' title='bbox 2918 4388 2990 4442; x_wconf 85' lang='lat' dir='ltr'><strong>a·-</strong></span> <span class='ocrx_word' id='word_1_261' title='bbox 3015 4364 3118 4444; x_wconf 86' lang='lat' dir='ltr'><strong>ad</strong></span> <span class='ocrx_word' id='word_1_262' title='bbox 3164 4392 3228 4445; x_wconf 69' lang='lat' dir='ltr'><strong>a·</strong></span> 
     </span>
     <span class='ocr_line' id='line_1_26' title="bbox 453 4490 1641 4626; baseline 0.004 -50"><span class='ocrx_word' id='word_1_263' title='bbox 453 4506 522 4626; x_wconf 53' lang='lat'><strong>2</strong></span> <span class='ocrx_word' id='word_1_264' title='bbox 565 4498 837 4585; x_wconf 81' lang='lat' dir='ltr'><strong>Limes</strong></span> <span class='ocrx_word' id='word_1_265' title='bbox 874 4492 1210 4579; x_wconf 79' lang='lat' dir='ltr'><strong>rationis</strong></span> <span class='ocrx_word' id='word_1_266' title='bbox 1244 4496 1329 4577; x_wconf 92' lang='lat' dir='ltr'>A</span> <span class='ocrx_word' id='word_1_267' title='bbox 1356 4491 1461 4577; x_wconf 81' lang='lat' dir='ltr'><strong>ad</strong></span> <span class='ocrx_word' id='word_1_268' title='bbox 1496 4490 1641 4580; x_wconf 63' lang='lat' dir='ltr'><strong>CJ&#39;</strong></span> 
     </span>
    </p>
   </div>
  </div>
 </body>
</html>
