4109 5609
1080 410 1265 492 DE
1364 404 2570 495 PORISMATIBUS.
3036 412 3200 524 39'9

438 634 545 714 ad
577 626 741 733 BL,
792 632 907 711 ita
941 630 1031 711 in
1068 629 1492 737 paralleliS,
1534 630 1681 709 ΕΚ
1716 630 1822 709 ad
1856 632 2022 731 KF,
2073 650 2151 709 et
2187 632 2342 709 ΕΗ
2379 630 2486 711 ad
2519 630 2718 713 HG.
2791 630 3066 745 Qare
3099 656 3196 719 ut

439 776 584 851 ΕΚ
622 770 727 850 ad
762 773 927 869 ΚΕ,
976 768 1087 847 ita
1125 770 1233 847 est
1268 768 1429 847 EH
1462 768 1565 847 ad
1612 768 1785 847 HG
1810 802 1831 865 ;
1900 768 2249 875 ideoque
2297 771 2468 847 HK
2511 766 2656 875 ipfi
2701 771 2843 849 AC
2891 772 3002 851 est
3047 802 3194 878 pa·-

440 908 735 989 rallela.

574 1048 719 1124 Per
766 1040 1293 1148 compofitam
1353 1066 1543 1121 vero
1600 1038 2002 1119 rationem
2065 1042 2218 1123 hoc
2281 1044 2544 1148 Ρειὲὶο,
2620 1044 3196 1127 demonstratio

439 1210 645 1290 quae
690 1182 911 1287 apud
959 1178 1689 1276 Commandinum‚
1740 1199 1845 1279 et,
1897 1199 1993 1257 ut
2038 1179 2386 1281 videtur,
2437 1180 2528 1259 in
2573 1202 2798 1261 textu
2846 1184 3191 1286 Graece,

436 1347 727 1399 manca
762 1316 1135 1415 habetur,
1187 1314 1301 1393 ita
1332 1314 1803 1399 restituitur.

572 1454 997 1570 Qoniam
1035 1454 1145 1531 est
1178 1472 1273 1531 ut
1306 1454 1441 1531 AF
1477 1452 1583 1531 ad
1617 1456 1674 1531 F
1676 1452 1787 1552 G,
1828 1452 1943 1531 ita
1978 1454 2132 1533 AD
2169 1455 2269 1534 ad
2307 1456 2480 1555 DC,
2533 1455 3007 1540 invertendo
3043 1458 3196 1541 erit

432 1614 526 1673 ut
562 1595 707 1673 GF
744 1592 847 1671 ad
884 1593 1044 1689 FA,
1094 1588 1209 1667 ita
1244 1591 1389 1668 CD
1424 1588 1531 1667 ad
1563 1591 1718 1669 DA
1746 1624 1769 1688 ;
1846 1612 1925 1670 et
1960 1593 2553 1699 componend0‚
2606 1597 3192 1699 permutando-

436 1760 593 1839 que
630 1752 709 1809 et
745 1726 1315 1825 convertend0‚
1365 1747 1461 1806 ut
1492 1729 1649 1805 AD
1686 1727 1791 1806 ad
1824 1730 1989 1827 DF,
2030 1731 2144 1811 ita
2179 1733 2322 1811 AC
2359 1732 2464 1811 ad
2499 1732 2729 1815 CG.*
2795 1734 2950 1815 Sed
2985 1734 3196 1815 ratio

435 1873 605 1947 AD
658 1868 763 1947 ad
805 1868 985 1964 DF,
1051 1860 1485 1968 composita
1531 1864 1641 1942 est
1681 1862 1735 1967 †
1771 1892 1867 1943 ex

436 2006 747 2087 ratione
770 2004 911 2081 AB
940 2001 1045 2081 ad
1071 2004 1231 2100 BE,
1273 2021 1351 2079 et
1383 2000 1695 2079 ratione
1720 2004 1865 2079 ΕΚ

434 2143 537 2223 ad
576 2144 713 2223 ΚΡ
731 2177 755 2241 ;
806 2160 887 2234 et
918 2138 1127 2219 ratio
1160 2138 1303 2217 AC
1328 2138 1432 2215 ad
1458 2138 1605 2217 CG
1636 2165 1863 2218 com·-

430 2280 679 2387 pofita
715 2280 825 2359 est
852 2276 901 2379 ‡
928 2304 1025 2357 ex
1044 2276 1357 2355 ratione
1388 2276 1533 2353 AB
1568 2276 1673 2354 ad
1698 2278 1863 2375 BE,

434 2439 514 2499 et
550 2418 859 2498 ratione
882 2416 1051 2493 ΕΗ
1086 2412 1193 2491 ad
1225 2413 1429 2495 HG.
1510 2410 1753 2493 Ratio
1787 2412 1864 2491 i-

436 2558 661 2664 gitur
685 2548 1119 2659 compofita
1145 2578 1239 2629 ex
1264 2549 1574 2629 ratione
1596 2551 1739 2629 AB
1760 2548 1865 2629 ad

436 2695 600 2792 BE,
630 2713 709 2773 et
744 2692 891 2771 ΕΚ
926 2688 1031 2768 ad
1064 2690 1230 2788 KF,
1268 2687 1551 2767 eadem
1586 2687 1698 2766 est
1730 2714 1868 2767 ra-

438 2830 643 2912 tioni
689 2824 1167 2931 compositae
1211 2853 1305 2905 ex
1350 2824 1663 2905 ratione
1704 2826 1863 2905 AB

441 2968 543 3048 ad
576 2968 738 3068 BE,
778 2988 857 3046 et
891 2963 1049 3042 EH
1087 2962 1188 3041 ad
1225 2961 1428 3044 HG.
1496 2963 1979 3045 Communis
2018 2964 2432 3045 auferatur
2463 2966 2673 3046 ratio
2705 2968 2848 3049 AB
2885 2968 2989 3049 ad
3015 2970 3180 3070 BE,

438 3106 746 3211 reliqua
779 3102 1039 3211 igitur
1065 3099 1275 3179 ratio
1310 3101 1457 3178 ΕΚ
1492 3100 1597 3178 ad
1634 3102 1798 3199 ΚΡ,
1850 3102 2130 3182 eadem
2165 3104 2276 3183 est
2311 3104 2608 3184 rationi
2645 3106 2804 3185 ΕΗ
2841 3106 2945 3186 ad
2979 3108 3184 3191 HG.

436 3243 692 3349 Igitur
726 3244 893 3319 HK
930 3236 1075 3343 ipfi
1109 3238 1267 3316 AG
1306 3236 1683 3342 parallela
1718 3237 1851 3321 est.

532 3416 570 3453 θ
597 3411 695 3473 Ita
726 3410 1001 3473 habetur
1024 3408 1197 3490 apud
1222 3406 1791 3484 Commandinum,
1828 3406 1933 3471 sed
1968 3411 2166 3493 paulo
2195 3410 2452 3473 brevius
2487 3410 2857 3478 ostendetur
2879 3432 2954 3479 ut
2979 3413 3184 3500 sequi-

440 3528 585 3586 tur3
622 3508 955 3599 Qoniam
989 3508 1079 3571 est
1108 3522 1183 3571 ut
1208 3506 1349 3569 AD
1376 3507 1460 3569 ad
1482 3505 1635 3583 DC,
1670 3508 1758 3569 ita
1784 3508 1910 3569 AF
1932 3510 2013 3571 ad
2040 3509 2182 3585 FG,
2211 3511 2664 3592 permutando,
2693 3514 2812 3576 erit
2834 3532 2910 3577 ut
2933 3516 3070 3579 AD
3101 3516 3182 3578 ad

441 3608 585 3683 AF,
622 3610 709 3670 ita
731 3606 857 3670 DC
884 3608 964 3669 ad
988 3604 1133 3677 FG,
1169 3622 1229 3668 et
1254 3628 1368 3689 per
1400 3624 1423 3667 1
1445 3624 1507 3670 2.
1542 3624 1606 3689 ς.
1633 3623 1705 3668 ut
1734 3604 1871 3668 AD
1897 3606 1979 3669 ad
2007 3608 2156 3685 AF,
2193 3608 2281 3670 ita
2306 3606 2436 3671 Ae
2465 3609 2548 3671 ad
2572 3610 2736 3688 AG,
2774 3612 2992 3697 igitur,
3029 3632 3182 3679 conb

439 3707 773 3784 vertendo,
804 3722 881 3768 ut
906 3704 1045 3767 AD
1070 3705 1151 3768 ad
1176 3704 1319 3783 DF,
1355 3706 1445 3768 ita
1465 3702 1595 3767 Ac
1619 3704 1699 3767 ad
1727 3702 1878 3768 CG.

542 3811 585 3885 †
614 3812 651 3887 ‡
676 3806 861 3895 Qae
884 3804 963 3865 ad
990 3805 1104 3867 has
1129 3821 1311 3867 notas
1336 3805 1657 3867 habentur
1689 3825 1771 3867 ex
1800 3804 2132 3867 Lemmate
2165 3801 2450 3888 sequenti
2485 3810 2788 3891 pendent,
2825 3813 3004 3895 quod
3039 3814 3200 3895 qui-³
3267 3816 3279 3824 '

445 3905 587 3968 dem
608 3906 883 3969 habetur
903 3902 969 3965 in
992 3900 1265 3966 secunda
1286 3919 1463 3986 parte
1482 3901 1683 3986 Prop.
1705 3923 1773 3986 3.
1798 3902 1947 3969 Lib.
1964 3900 2276 3987 8.Pappi.
2309 3905 2468 3969 vid.
2486 3904 2594 3992 fig.
2610 3908 2806 3992 Prop.
2829 3928 2868 3976 2
2883 3930 2946 3977 2.
2967 3910 3178 3992 hujus.

535 4004 605 4069 Si
630 4006 795 4067 duae
816 4002 1023 4065 retiae
1042 4004 1241 4065 lineae
1266 4002 1419 4078 BA,
1448 4000 1589 4065 AD
1624 4002 1873 4066 duabus
1906 4002 2094 4066 reetis
2125 4001 2266 4083 ΕΚ,
2289 4004 2410 4068 ΚΒ
2441 4024 2809 4085 occurrant,
2845 4026 2908 4071 et
2933 4010 3186 4075 dicatur

445 4104 697 4187 quaevis
721 4122 945 4165 earum
971 4100 1109 4163 AD
1134 4100 1367 4184 prima,
1397 4098 1519 4163 alia
1544 4100 1671 4163 AB
1696 4098 1997 4178 secunda,
2032 4104 2290 4185 quaevis
2315 4104 2706 4187 reliquarum
2731 4104 2854 4171 KB
2873 4108 3082 4185 tertia,
3119 4128 3188 4173 et

442 4203 633 4265 altera
657 4201 775 4265 ΚΕ
796 4215 1065 4285 quarta3
1103 4198 1283 4295 ⁷ratio
1305 4196 1609 4283 segmenti
1630 4200 1877 4285 primae
1902 4202 2043 4265 AD
2069 4201 2239 4265 inter
2261 4202 2598 4267 occursum
2629 4206 2698 4268 A
2729 4208 2970 4289 primae
2995 4222 3058 4269 et
3091 4207 3180 4270 se·

445 4302 683 4365 eundae
704 4317 768 4364 et
792 4299 1067 4371 tertiam,
1105 4298 1185 4359 ad
1206 4296 1598 4381 segmentum
1618 4296 1897 4379 ejusdem
1930 4300 2049 4363 DF
2083 4302 2250 4364 inter
2283 4303 2534 4365 tertiam
2557 4320 2620 4367 et
2653 4322 2972 4387 quartam,
3009 4326 3182 4369 com-

438 4402 635 4481 potita
666 4402 791 4464 erit
820 4420 903 4463 ex
933 4398 1181 4461 ratione
1210 4396 1515 4481 segmenti
1546 4398 1673 4461 AB
1706 4396 2017 4463 secundae
2050 4402 2220 4463 inter
2251 4400 2588 4465 occursum
2625 4404 2696 4466 A
2729 4406 3069 4469 ettertiam
3096 4404 3177 4467 ad

442 4498 715 4578 eiusdem
736 4496 1131 4587 segmentum
1164 4495 1276 4563 BE
1308 4496 1473 4563 inter
1506 4498 1759 4595 tertiam
1790 4516 1855 4569 et
1887 4515 2206 4589 quartam,
2243 4516 2306 4568 et
2329 4521 2412 4571 cx
2441 4503 2691 4570 ratione
2725 4502 3026 4589 segmenti
3062 4501 3178 4569 RE
