<?xml version="1.0" encoding="UTF-8"?>
<!DOCTYPE html PUBLIC "-//W3C//DTD XHTML 1.0 Transitional//EN"
    "http://www.w3.org/TR/xhtml1/DTD/xhtml1-transitional.dtd">
<html xmlns="http://www.w3.org/1999/xhtml" xml:lang="en" lang="en">
 <head>
  <title>
</title>
<meta http-equiv="Content-Type" content="text/html;charset=utf-8" />
  <meta name='ocr-system' content='tesseract 3.04.00' />
  <meta name='ocr-capabilities' content='ocr_page ocr_carea ocr_par ocr_line ocrx_word'/>
</head>
<body>
  <div class='ocr_page' id='page_1' title='image "./robertisimsonmd00unkngoog_0375.png"; bbox 0 0 4109 5609; ppageno 0'>
   <div class='ocr_carea' id='block_1_1' title="bbox 1110 349 3249 530">
    <p class='ocr_par' dir='ltr' id='par_1_1' title="bbox 1110 349 3249 530">
     <span class='ocr_line' id='line_1_1' title="bbox 1110 349 3249 530; baseline 0.004 -36"><span class='ocrx_word' id='word_1_1' title='bbox 1110 413 1301 494; x_wconf 83' lang='lat' dir='ltr'>DE</span> <span class='ocrx_word' id='word_1_2' title='bbox 1404 349 2614 502; x_wconf 30' lang='lat' dir='ltr'><strong>PORISMATIBFUS.</strong></span> <span class='ocrx_word' id='word_1_3' title='bbox 3055 418 3249 530; x_wconf 80' lang='lat'>&#39;347</span> 
     </span>
    </p>
   </div>
   <div class='ocr_carea' id='block_1_2' title="bbox 452 631 3248 4720">
    <p class='ocr_par' dir='ltr' id='par_1_2' title="bbox 452 631 3248 4720">
     <span class='ocr_line' id='line_1_2' title="bbox 474 631 3248 718; baseline -0.001 0"><span class='ocrx_word' id='word_1_4' title='bbox 474 667 601 718; x_wconf 79' lang='lat' dir='ltr'>res</span> <span class='ocrx_word' id='word_1_5' title='bbox 637 636 1163 716; x_wconf 88' lang='lat' dir='ltr'>manifestum</span> <span class='ocrx_word' id='word_1_6' title='bbox 1206 633 1317 713; x_wconf 86' lang='lat' dir='ltr'>est</span> <span class='ocrx_word' id='word_1_7' title='bbox 1362 661 1457 714; x_wconf 79' lang='lat' dir='ltr'>ex</span> <span class='ocrx_word' id='word_1_8' title='bbox 1502 631 2152 716; x_wconf 78' lang='lat' dir='ltr'>definitionibus,</span> <span class='ocrx_word' id='word_1_9' title='bbox 2247 633 2651 714; x_wconf 82' lang='lat' dir='ltr'>Dixerunt</span> <span class='ocrx_word' id='word_1_10' title='bbox 2697 633 2923 714; x_wconf 86' lang='lat' dir='ltr'>enim</span> <span class='ocrx_word' id='word_1_11' title='bbox 2968 635 3248 716; x_wconf 86' lang='lat' dir='ltr'>Theo-</span> 
     </span>
     <span class='ocr_line' id='line_1_3' title="bbox 466 770 3246 880; baseline 0.001 -28"><span class='ocrx_word' id='word_1_12' title='bbox 466 803 695 854; x_wconf 86' lang='lat' dir='ltr'>rema</span> <span class='ocrx_word' id='word_1_13' title='bbox 728 773 875 853; x_wconf 80' lang='lat' dir='ltr'>effe</span> <span class='ocrx_word' id='word_1_14' title='bbox 922 801 1091 880; x_wconf 90' lang='lat' dir='ltr'>quo</span> <span class='ocrx_word' id='word_1_15' title='bbox 1140 771 1455 878; x_wconf 86' lang='lat' dir='ltr'>aliquid</span> <span class='ocrx_word' id='word_1_16' title='bbox 1498 770 1999 878; x_wconf 72' lang='lat' dir='ltr'>propositum</span> <span class='ocrx_word' id='word_1_17' title='bbox 2045 773 2158 851; x_wconf 91' lang='lat' dir='ltr'>est</span> <span class='ocrx_word' id='word_1_18' title='bbox 2203 771 2974 871; x_wconf 81' lang='lat' dir='ltr'>demonstrandum3</span> <span class='ocrx_word' id='word_1_19' title='bbox 3045 778 3246 854; x_wconf 84' lang='lat' dir='ltr'>Pro-</span> 
     </span>
     <span class='ocr_line' id='line_1_4' title="bbox 462 907 3246 1018; baseline 0 -25"><span class='ocrx_word' id='word_1_20' title='bbox 462 913 735 993; x_wconf 82' lang='lat' dir='ltr'>blema</span> <span class='ocrx_word' id='word_1_21' title='bbox 778 941 999 1011; x_wconf 85' lang='lat' dir='ltr'>vero,</span> <span class='ocrx_word' id='word_1_22' title='bbox 1062 939 1229 1017; x_wconf 78' lang='lat' dir='ltr'>quo</span> <span class='ocrx_word' id='word_1_23' title='bbox 1278 907 1591 1018; x_wconf 79' lang='lat' dir='ltr'>aliquid</span> <span class='ocrx_word' id='word_1_24' title='bbox 1642 908 2142 1016; x_wconf 80' lang='lat' dir='ltr'>propositum</span> <span class='ocrx_word' id='word_1_25' title='bbox 2179 911 2290 990; x_wconf 88' lang='lat' dir='ltr'>est</span> <span class='ocrx_word' id='word_1_26' title='bbox 2335 909 3012 1010; x_wconf 79' lang='lat' dir='ltr'>construendum3</span> <span class='ocrx_word' id='word_1_27' title='bbox 3085 915 3246 994; x_wconf 87' lang='lat' dir='ltr'>Po-</span> 
     </span>
     <span class='ocr_line' id='line_1_5' title="bbox 458 1045 3244 1156; baseline 0.001 -28"><span class='ocrx_word' id='word_1_28' title='bbox 458 1051 707 1130; x_wconf 83' lang='lat' dir='ltr'>risma</span> <span class='ocrx_word' id='word_1_29' title='bbox 740 1077 933 1129; x_wconf 84' lang='lat' dir='ltr'>vero</span> <span class='ocrx_word' id='word_1_30' title='bbox 971 1047 1119 1127; x_wconf 85' lang='lat' dir='ltr'>effe</span> <span class='ocrx_word' id='word_1_31' title='bbox 1157 1077 1323 1154; x_wconf 91' lang='lat' dir='ltr'>quo</span> <span class='ocrx_word' id='word_1_32' title='bbox 1360 1047 1675 1155; x_wconf 79' lang='lat' dir='ltr'>aliquid</span> <span class='ocrx_word' id='word_1_33' title='bbox 1710 1045 2213 1154; x_wconf 73' lang='lat' dir='ltr'>propositum</span> <span class='ocrx_word' id='word_1_34' title='bbox 2248 1049 2358 1128; x_wconf 81' lang='lat' dir='ltr'>est</span> <span class='ocrx_word' id='word_1_35' title='bbox 2393 1048 3080 1156; x_wconf 84' lang='lat' dir='ltr'>investigandum.</span> <span class='ocrx_word' id='word_1_36' title='bbox 3161 1053 3244 1132; x_wconf 85' lang='lat' dir='ltr'>A</span> 
     </span>
     <span class='ocr_line' id='line_1_6' title="bbox 458 1185 3238 1294; baseline -0.001 -26"><span class='ocrx_word' id='word_1_37' title='bbox 458 1187 911 1268; x_wconf 85' lang='lat' dir='ltr'>Neotericis</span> <span class='ocrx_word' id='word_1_38' title='bbox 940 1208 1227 1266; x_wconf 90' lang='lat' dir='ltr'>autem</span> <span class='ocrx_word' id='word_1_39' title='bbox 1260 1185 1701 1265; x_wconf 83' lang='lat' dir='ltr'>immutata</span> <span class='ocrx_word' id='word_1_40' title='bbox 1736 1185 1847 1266; x_wconf 88' lang='lat' dir='ltr'>est</span> <span class='ocrx_word' id='word_1_41' title='bbox 1882 1185 2080 1264; x_wconf 88' lang='lat' dir='ltr'>haec</span> <span class='ocrx_word' id='word_1_42' title='bbox 2130 1185 2590 1265; x_wconf 85' lang='lat' dir='ltr'>Porismatis</span> <span class='ocrx_word' id='word_1_43' title='bbox 2637 1185 3037 1287; x_wconf 73' lang='lat' dir='ltr'>definitiO,</span> <span class='ocrx_word' id='word_1_44' title='bbox 3089 1187 3238 1294; x_wconf 91' lang='lat' dir='ltr'>qui</span> 
     </span>
     <span class='ocr_line' id='line_1_7' title="bbox 464 1322 3236 1432; baseline -0.001 -26"><span class='ocrx_word' id='word_1_45' title='bbox 464 1327 661 1406; x_wconf 85' lang='lat' dir='ltr'>haec</span> <span class='ocrx_word' id='word_1_46' title='bbox 699 1325 983 1404; x_wconf 88' lang='lat' dir='ltr'>omnia</span> <span class='ocrx_word' id='word_1_47' title='bbox 1028 1323 1509 1432; x_wconf 84' lang='lat' dir='ltr'>investigare</span> <span class='ocrx_word' id='word_1_48' title='bbox 1552 1322 1779 1403; x_wconf 80' lang='lat' dir='ltr'>haud</span> <span class='ocrx_word' id='word_1_49' title='bbox 1827 1343 2296 1430; x_wconf 79' lang='lat' dir='ltr'>potuerunt,</span> <span class='ocrx_word' id='word_1_50' title='bbox 2349 1323 2482 1403; x_wconf 85' lang='lat' dir='ltr'>sed</span> <span class='ocrx_word' id='word_1_51' title='bbox 2533 1323 2970 1404; x_wconf 84' lang='lat' dir='ltr'>Elementis</span> <span class='ocrx_word' id='word_1_52' title='bbox 3019 1324 3236 1404; x_wconf 89' lang='lat' dir='ltr'>hisce</span> 
     </span>
     <span class='ocr_line' id='line_1_8' title="bbox 452 1459 3230 1574; baseline -0 -30"><span class='ocrx_word' id='word_1_53' title='bbox 452 1461 883 1561; x_wconf 76' lang='lat' dir='ltr'>adhibitis,</span> <span class='ocrx_word' id='word_1_54' title='bbox 936 1461 1455 1542; x_wconf 87' lang='lat' dir='ltr'>ostenderunt</span> <span class='ocrx_word' id='word_1_55' title='bbox 1500 1482 1829 1542; x_wconf 85' lang='lat' dir='ltr'>tantum</span> <span class='ocrx_word' id='word_1_56' title='bbox 1878 1461 2086 1568; x_wconf 89' lang='lat' dir='ltr'>quid</span> <span class='ocrx_word' id='word_1_57' title='bbox 2131 1459 2226 1540; x_wconf 85' lang='lat' dir='ltr'>fit</span> <span class='ocrx_word' id='word_1_58' title='bbox 2257 1463 2498 1574; x_wconf 20' lang='lat' dir='ltr'>‘quod</span> <span class='ocrx_word' id='word_1_59' title='bbox 2547 1461 2991 1568; x_wconf 90' lang='lat' dir='ltr'>quaeritur,</span> <span class='ocrx_word' id='word_1_60' title='bbox 3059 1491 3230 1543; x_wconf 89' lang='lat' dir='ltr'>non</span> 
     </span>
     <span class='ocr_line' id='line_1_9' title="bbox 458 1599 3228 1707; baseline 0 -26"><span class='ocrx_word' id='word_1_61' title='bbox 458 1624 735 1682; x_wconf 80' lang='lat' dir='ltr'>autem</span> <span class='ocrx_word' id='word_1_62' title='bbox 769 1600 979 1680; x_wconf 89' lang='lat' dir='ltr'>illud</span> <span class='ocrx_word' id='word_1_63' title='bbox 1022 1599 1735 1707; x_wconf 82' lang='lat' dir='ltr'>investigaverunt.</span> <span class='ocrx_word' id='word_1_64' title='bbox 1832 1599 1933 1677; x_wconf 91' lang='lat' dir='ltr'>Et</span> <span class='ocrx_word' id='word_1_65' title='bbox 1982 1600 2363 1705; x_wconf 79' lang='lat' dir='ltr'>quamvis</span> <span class='ocrx_word' id='word_1_66' title='bbox 2402 1627 2449 1678; x_wconf 91' lang='lat' dir='ltr'>a</span> <span class='ocrx_word' id='word_1_67' title='bbox 2473 1599 2960 1680; x_wconf 80' lang='lat' dir='ltr'>definitione</span> <span class='ocrx_word' id='word_1_68' title='bbox 2997 1623 3075 1680; x_wconf 89' lang='lat' dir='ltr'>et</span> <span class='ocrx_word' id='word_1_69' title='bbox 3121 1601 3228 1682; x_wconf 92' lang='lat' dir='ltr'>ab</span> 
     </span>
     <span class='ocr_line' id='line_1_10' title="bbox 460 1736 3225 1846; baseline 0.001 -28"><span class='ocrx_word' id='word_1_70' title='bbox 460 1738 639 1846; x_wconf 90' lang='lat' dir='ltr'>ipfis</span> <span class='ocrx_word' id='word_1_71' title='bbox 674 1738 917 1817; x_wconf 88' lang='lat' dir='ltr'>rebus</span> <span class='ocrx_word' id='word_1_72' title='bbox 956 1763 1165 1844; x_wconf 90' lang='lat' dir='ltr'>quae</span> <span class='ocrx_word' id='word_1_73' title='bbox 1202 1736 1543 1815; x_wconf 87' lang='lat' dir='ltr'>traditae</span> <span class='ocrx_word' id='word_1_74' title='bbox 1578 1737 1765 1816; x_wconf 88' lang='lat' dir='ltr'>sunt</span> <span class='ocrx_word' id='word_1_75' title='bbox 1800 1737 2502 1845; x_wconf 84' lang='lat' dir='ltr'>redarguerentur,</span> <span class='ocrx_word' id='word_1_76' title='bbox 2545 1738 2698 1822; x_wconf 92' lang='lat' dir='ltr'>hoc</span> <span class='ocrx_word' id='word_1_77' title='bbox 2727 1761 3004 1820; x_wconf 89' lang='lat' dir='ltr'>tamen</span> <span class='ocrx_word' id='word_1_78' title='bbox 3039 1769 3225 1821; x_wconf 91' lang='lat' dir='ltr'>mo-</span> 
     </span>
     <span class='ocr_line' id='line_1_11' title="bbox 459 1867 3228 1985; baseline 0 -29"><span class='ocrx_word' id='word_1_79' title='bbox 459 1879 593 1979; x_wconf 82' lang='lat' dir='ltr'>do,</span> <span class='ocrx_word' id='word_1_80' title='bbox 636 1877 740 1956; x_wconf 87' lang='lat' dir='ltr'>ab</span> <span class='ocrx_word' id='word_1_81' title='bbox 778 1877 1216 1973; x_wconf 87' lang='lat' dir='ltr'>accidente,</span> <span class='ocrx_word' id='word_1_82' title='bbox 1258 1873 1776 1956; x_wconf 84' lang='lat' dir='ltr'>definierunt.</span> <span class='ocrx_word' id='word_1_83' title='bbox 1846 1874 2202 1954; x_wconf 86' lang='lat' dir='ltr'>Porisma</span> <span class='ocrx_word' id='word_1_84' title='bbox 2239 1875 2350 1954; x_wconf 89' lang='lat' dir='ltr'>est</span> <span class='ocrx_word' id='word_1_85' title='bbox 2387 1877 2606 1982; x_wconf 89' lang='lat' dir='ltr'>quod</span> <span class='ocrx_word' id='word_1_86' title='bbox 2637 1867 2920 1956; x_wconf 80' lang='lat' dir='ltr'>deficit</span> <span class='ocrx_word' id='word_1_87' title='bbox 2957 1877 3228 1985; x_wconf 83' lang='lat' dir='ltr'>hypo·-</span> 
     </span>
     <span class='ocr_line' id='line_1_12' title="bbox 456 2009 3224 2120; baseline -0 -24"><span class='ocrx_word' id='word_1_88' title='bbox 456 2015 657 2096; x_wconf 82' lang='lat' dir='ltr'>thefi</span> <span class='ocrx_word' id='word_1_89' title='bbox 690 2043 739 2102; x_wconf 68' lang='lat' dir='ltr'>ga</span> <span class='ocrx_word' id='word_1_90' title='bbox 774 2013 1309 2092; x_wconf 77' lang='lat' dir='ltr'>Theoi-emate</span> <span class='ocrx_word' id='word_1_91' title='bbox 1342 2011 1623 2091; x_wconf 85' lang='lat' dir='ltr'>Locali</span> <span class='ocrx_word' id='word_1_92' title='bbox 1662 2009 1855 2120; x_wconf 86' lang='lat' dir='ltr'>[hoc</span> <span class='ocrx_word' id='word_1_93' title='bbox 1892 2013 2029 2113; x_wconf 88' lang='lat' dir='ltr'>est,</span> <span class='ocrx_word' id='word_1_94' title='bbox 2059 2013 2413 2092; x_wconf 83' lang='lat' dir='ltr'>Porisma</span> <span class='ocrx_word' id='word_1_95' title='bbox 2443 2015 2552 2092; x_wconf 90' lang='lat' dir='ltr'>est</span> <span class='ocrx_word' id='word_1_96' title='bbox 2577 2013 3032 2092; x_wconf 86' lang='lat' dir='ltr'>Theorema</span> <span class='ocrx_word' id='word_1_97' title='bbox 3057 2017 3224 2095; x_wconf 89' lang='lat' dir='ltr'>Lo·—</span> 
     </span>
     <span class='ocr_line' id='line_1_13' title="bbox 456 2147 3222 2259; baseline -0 -25"><span class='ocrx_word' id='word_1_98' title='bbox 456 2155 625 2234; x_wconf 91' lang='lat' dir='ltr'>cale</span> <span class='ocrx_word' id='word_1_99' title='bbox 660 2151 1037 2231; x_wconf 82' lang='lat' dir='ltr'>deficiens</span> <span class='ocrx_word' id='word_1_100' title='bbox 1074 2147 1231 2228; x_wconf 88' lang='lat' dir='ltr'>five</span> <span class='ocrx_word' id='word_1_101' title='bbox 1266 2149 1679 2230; x_wconf 88' lang='lat' dir='ltr'>diminuta</span> <span class='ocrx_word' id='word_1_102' title='bbox 1711 2151 1803 2229; x_wconf 91' lang='lat' dir='ltr'>in</span> <span class='ocrx_word' id='word_1_103' title='bbox 1838 2149 2258 2257; x_wconf 71' lang='lat' dir='ltr'>hypothesi</span> <span class='ocrx_word' id='word_1_104' title='bbox 2297 2148 2534 2259; x_wconf 65' lang='lat' dir='ltr'>ejus]</span> <span class='ocrx_word' id='word_1_105' title='bbox 2634 2151 2907 2257; x_wconf 86' lang='lat' dir='ltr'>Hujus</span> <span class='ocrx_word' id='word_1_106' title='bbox 2948 2174 3222 2233; x_wconf 89' lang='lat' dir='ltr'>autem</span> 
     </span>
     <span class='ocr_line' id='line_1_14' title="bbox 454 2287 3223 2402; baseline -0.001 -30"><span class='ocrx_word' id='word_1_107' title='bbox 454 2290 769 2402; x_wconf 86' lang='lat' dir='ltr'>generis</span> <span class='ocrx_word' id='word_1_108' title='bbox 818 2289 1357 2386; x_wconf 77' lang='lat' dir='ltr'>Porismatum</span> <span class='ocrx_word' id='word_1_109' title='bbox 1402 2289 1619 2368; x_wconf 89' lang='lat' dir='ltr'>Loca</span> <span class='ocrx_word' id='word_1_110' title='bbox 1664 2287 2182 2368; x_wconf 86' lang='lat' dir='ltr'>Geometrica</span> <span class='ocrx_word' id='word_1_111' title='bbox 2231 2289 2417 2368; x_wconf 90' lang='lat' dir='ltr'>sunt</span> <span class='ocrx_word' id='word_1_112' title='bbox 2463 2289 2784 2396; x_wconf 78' lang='lat' dir='ltr'>speciCS,</span> <span class='ocrx_word' id='word_1_113' title='bbox 2862 2319 3223 2398; x_wconf 85' lang='lat' dir='ltr'>quorum</span> 
     </span>
     <span class='ocr_line' id='line_1_15' title="bbox 454 2424 3222 2540; baseline -0.001 -30"><span class='ocrx_word' id='word_1_114' title='bbox 454 2458 757 2540; x_wconf 88' lang='lat' dir='ltr'>magna</span> <span class='ocrx_word' id='word_1_115' title='bbox 796 2429 904 2507; x_wconf 90' lang='lat' dir='ltr'>est</span> <span class='ocrx_word' id='word_1_116' title='bbox 940 2427 1171 2531; x_wconf 89' lang='lat' dir='ltr'>copia</span> <span class='ocrx_word' id='word_1_117' title='bbox 1206 2425 1295 2504; x_wconf 89' lang='lat' dir='ltr'>in</span> <span class='ocrx_word' id='word_1_118' title='bbox 1330 2425 1603 2505; x_wconf 86' lang='lat' dir='ltr'>Libris</span> <span class='ocrx_word' id='word_1_119' title='bbox 1640 2425 1741 2505; x_wconf 87' lang='lat' dir='ltr'>de</span> <span class='ocrx_word' id='word_1_120' title='bbox 1776 2424 2150 2534; x_wconf 82' lang='lat' dir='ltr'>Analyfi3</span> <span class='ocrx_word' id='word_1_121' title='bbox 2224 2455 2315 2506; x_wconf 89' lang='lat' dir='ltr'>ac</span> <span class='ocrx_word' id='word_1_122' title='bbox 2364 2427 2682 2506; x_wconf 79' lang='lat' dir='ltr'>seorsim</span> <span class='ocrx_word' id='word_1_123' title='bbox 2729 2457 2774 2507; x_wconf 87' lang='lat' dir='ltr'>a</span> <span class='ocrx_word' id='word_1_124' title='bbox 2822 2429 3222 2508; x_wconf 85' lang='lat' dir='ltr'>Porifina-</span> 
     </span>
     <span class='ocr_line' id='line_1_16' title="bbox 452 2559 3220 2676; baseline 0.001 -30"><span class='ocrx_word' id='word_1_125' title='bbox 452 2569 678 2648; x_wconf 77' lang='lat' dir='ltr'>tibus</span> <span class='ocrx_word' id='word_1_126' title='bbox 718 2565 1075 2663; x_wconf 59' lang='lat' dir='ltr'>collecta,</span> <span class='ocrx_word' id='word_1_127' title='bbox 1128 2564 1275 2642; x_wconf 86' lang='lat' dir='ltr'>sub</span> <span class='ocrx_word' id='word_1_128' title='bbox 1324 2561 1669 2669; x_wconf 89' lang='lat' dir='ltr'>propriis</span> <span class='ocrx_word' id='word_1_129' title='bbox 1712 2563 1975 2644; x_wconf 87' lang='lat' dir='ltr'>titulis</span> <span class='ocrx_word' id='word_1_130' title='bbox 2026 2565 2491 2665; x_wconf 82' lang='lat' dir='ltr'>traduntur,</span> <span class='ocrx_word' id='word_1_131' title='bbox 2545 2559 2636 2646; x_wconf 82' lang='lat' dir='ltr'>eo</span> <span class='ocrx_word' id='word_1_132' title='bbox 2685 2567 2910 2673; x_wconf 86' lang='lat' dir='ltr'>quod</span> <span class='ocrx_word' id='word_1_133' title='bbox 2955 2569 3220 2676; x_wconf 88' lang='lat' dir='ltr'>magis</span> 
     </span>
     <span class='ocr_line' id='line_1_17' title="bbox 455 2698 3219 2808; baseline 0.001 -24"><span class='ocrx_word' id='word_1_134' title='bbox 455 2705 747 2784; x_wconf 82' lang='lat' dir='ltr'>diffusa</span> <span class='ocrx_word' id='word_1_135' title='bbox 782 2724 861 2782; x_wconf 86' lang='lat' dir='ltr'>et</span> <span class='ocrx_word' id='word_1_136' title='bbox 894 2701 1215 2808; x_wconf 84' lang='lat' dir='ltr'>copiosa</span> <span class='ocrx_word' id='word_1_137' title='bbox 1259 2698 1359 2779; x_wconf 89' lang='lat' dir='ltr'>fit</span> <span class='ocrx_word' id='word_1_138' title='bbox 1393 2701 1589 2780; x_wconf 88' lang='lat' dir='ltr'>haec</span> <span class='ocrx_word' id='word_1_139' title='bbox 1628 2729 1817 2807; x_wconf 88' lang='lat' dir='ltr'>prae</span> <span class='ocrx_word' id='word_1_140' title='bbox 1854 2701 2180 2781; x_wconf 85' lang='lat' dir='ltr'>caeteris</span> <span class='ocrx_word' id='word_1_141' title='bbox 2219 2703 2655 2808; x_wconf 79' lang='lat' dir='ltr'>speciebus,</span> <span class='ocrx_word' id='word_1_142' title='bbox 2753 2706 2820 2782; x_wconf 88' lang='lat' dir='ltr'>E</span> <span class='ocrx_word' id='word_1_143' title='bbox 2855 2705 3092 2786; x_wconf 89' lang='lat' dir='ltr'>Locis</span> <span class='ocrx_word' id='word_1_144' title='bbox 3131 2733 3219 2786; x_wconf 88' lang='lat' dir='ltr'>e·-</span> 
     </span>
     <span class='ocr_line' id='line_1_18' title="bbox 460 2833 3213 2949; baseline -0.001 -26"><span class='ocrx_word' id='word_1_145' title='bbox 460 2844 637 2923; x_wconf 90' lang='lat' dir='ltr'>nim</span> <span class='ocrx_word' id='word_1_146' title='bbox 674 2833 1079 2949; x_wconf 78' lang='lat' dir='ltr'>quaedam</span> <span class='ocrx_word' id='word_1_147' title='bbox 1118 2839 1361 2944; x_wconf 88' lang='lat' dir='ltr'>plana</span> <span class='ocrx_word' id='word_1_148' title='bbox 1394 2839 1611 2938; x_wconf 87' lang='lat' dir='ltr'>sunt,</span> <span class='ocrx_word' id='word_1_149' title='bbox 1653 2839 2055 2944; x_wconf 85' lang='lat' dir='ltr'>quaedam</span> <span class='ocrx_word' id='word_1_150' title='bbox 2091 2839 2370 2939; x_wconf 85' lang='lat' dir='ltr'>solida,</span> <span class='ocrx_word' id='word_1_151' title='bbox 2413 2841 2816 2947; x_wconf 85' lang='lat' dir='ltr'>quaedam</span> <span class='ocrx_word' id='word_1_152' title='bbox 2853 2841 3213 2943; x_wconf 82' lang='lat' dir='ltr'>linearia,</span> 
     </span>
     <span class='ocr_line' id='line_1_19' title="bbox 460 2965 3216 3088; baseline -0 -27"><span class='ocrx_word' id='word_1_153' title='bbox 460 3003 538 3061; x_wconf 89' lang='lat' dir='ltr'>et</span> <span class='ocrx_word' id='word_1_154' title='bbox 566 3001 881 3088; x_wconf 87' lang='lat' dir='ltr'>praeter</span> <span class='ocrx_word' id='word_1_155' title='bbox 914 2977 1110 3058; x_wconf 88' lang='lat' dir='ltr'>haec</span> <span class='ocrx_word' id='word_1_156' title='bbox 1148 2977 1335 3056; x_wconf 89' lang='lat' dir='ltr'>sunt</span> <span class='ocrx_word' id='word_1_157' title='bbox 1368 2977 1585 3056; x_wconf 89' lang='lat' dir='ltr'>Loca</span> <span class='ocrx_word' id='word_1_158' title='bbox 1621 2976 1727 3055; x_wconf 92' lang='lat' dir='ltr'>ad</span> <span class='ocrx_word' id='word_1_159' title='bbox 1762 2977 2232 3056; x_wconf 84' lang='lat' dir='ltr'>medietates</span> <span class='ocrx_word' id='word_1_160' title='bbox 2274 2974 2471 3084; x_wconf 83' lang='lat' dir='ltr'>[five</span> <span class='ocrx_word' id='word_1_161' title='bbox 2495 3007 2540 3056; x_wconf 93' lang='lat' dir='ltr'>a</span> <span class='ocrx_word' id='word_1_162' title='bbox 2567 2965 2856 3058; x_wconf 82' lang='lat' dir='ltr'>inediis</span> <span class='ocrx_word' id='word_1_163' title='bbox 2885 3007 3216 3085; x_wconf 84' lang='lat' dir='ltr'>propor-</span> 
     </span>
     <span class='ocr_line' id='line_1_20' title="bbox 458 3113 3219 3223; baseline -0 -25"><span class='ocrx_word' id='word_1_164' title='bbox 458 3119 901 3198; x_wconf 78' lang='lat' dir='ltr'>tionalibus</span> <span class='ocrx_word' id='word_1_165' title='bbox 946 3113 1191 3222; x_wconf 66' lang='lat' dir='ltr'>orta]</span> <span class='ocrx_word' id='word_1_166' title='bbox 1294 3114 1620 3197; x_wconf 84' lang='lat' dir='ltr'>Accidit</span> <span class='ocrx_word' id='word_1_167' title='bbox 1662 3115 1815 3196; x_wconf 92' lang='lat' dir='ltr'>hoc</span> <span class='ocrx_word' id='word_1_168' title='bbox 1854 3115 2100 3194; x_wconf 86' lang='lat' dir='ltr'>etiam</span> <span class='ocrx_word' id='word_1_169' title='bbox 2135 3115 2742 3216; x_wconf 80' lang='lat' dir='ltr'>PorismatibuS,</span> <span class='ocrx_word' id='word_1_170' title='bbox 2793 3115 3219 3223; x_wconf 73' lang='lat' dir='ltr'>propositi-</span> 
     </span>
     <span class='ocr_line' id='line_1_21' title="bbox 456 3250 3218 3358; baseline -0.001 -22"><span class='ocrx_word' id='word_1_171' title='bbox 456 3285 648 3336; x_wconf 88' lang='lat' dir='ltr'>ones</span> <span class='ocrx_word' id='word_1_172' title='bbox 696 3255 995 3336; x_wconf 87' lang='lat' dir='ltr'>habere</span> <span class='ocrx_word' id='word_1_173' title='bbox 1042 3251 1395 3332; x_wconf 89' lang='lat' dir='ltr'>concisas</span> <span class='ocrx_word' id='word_1_174' title='bbox 1445 3271 1773 3358; x_wconf 85' lang='lat' dir='ltr'>propter</span> <span class='ocrx_word' id='word_1_175' title='bbox 1821 3250 2384 3332; x_wconf 87' lang='lat' dir='ltr'>difficultatem</span> <span class='ocrx_word' id='word_1_176' title='bbox 2434 3255 2886 3332; x_wconf 87' lang='lat' dir='ltr'>multarum</span> <span class='ocrx_word' id='word_1_177' title='bbox 2943 3275 3218 3336; x_wconf 83' lang='lat' dir='ltr'>rerum</span> 
     </span>
     <span class='ocr_line' id='line_1_22' title="bbox 460 3388 3214 3502; baseline -0.001 -27"><span class='ocrx_word' id='word_1_178' title='bbox 460 3423 667 3502; x_wconf 90' lang='lat' dir='ltr'>quae</span> <span class='ocrx_word' id='word_1_179' title='bbox 703 3389 1202 3498; x_wconf 84' lang='lat' dir='ltr'>subintelligi</span> <span class='ocrx_word' id='word_1_180' title='bbox 1239 3388 1545 3490; x_wconf 78' lang='lat' dir='ltr'>solent3</span> <span class='ocrx_word' id='word_1_181' title='bbox 1619 3389 1841 3468; x_wconf 88' lang='lat' dir='ltr'>unde</span> <span class='ocrx_word' id='word_1_182' title='bbox 1886 3391 2154 3469; x_wconf 86' lang='lat' dir='ltr'>evenit</span> <span class='ocrx_word' id='word_1_183' title='bbox 2190 3391 2668 3471; x_wconf 85' lang='lat' dir='ltr'>Geometras</span> <span class='ocrx_word' id='word_1_184' title='bbox 2707 3419 2876 3472; x_wconf 90' lang='lat' dir='ltr'>non</span> <span class='ocrx_word' id='word_1_185' title='bbox 2913 3419 3214 3502; x_wconf 83' lang='lat' dir='ltr'>paucos</span> 
     </span>
     <span class='ocr_line' id='line_1_23' title="bbox 458 3526 3212 3642; baseline -0.001 -30"><span class='ocrx_word' id='word_1_186' title='bbox 458 3561 551 3612; x_wconf 84' lang='lat' dir='ltr'>cx</span> <span class='ocrx_word' id='word_1_187' title='bbox 596 3551 823 3638; x_wconf 85' lang='lat' dir='ltr'>parte</span> <span class='ocrx_word' id='word_1_188' title='bbox 868 3549 1195 3608; x_wconf 88' lang='lat' dir='ltr'>tantum</span> <span class='ocrx_word' id='word_1_189' title='bbox 1240 3555 1415 3606; x_wconf 90' lang='lat' dir='ltr'>rem</span> <span class='ocrx_word' id='word_1_190' title='bbox 1460 3526 1927 3633; x_wconf 88' lang='lat' dir='ltr'>perspicere,</span> <span class='ocrx_word' id='word_1_191' title='bbox 1994 3528 2200 3608; x_wconf 87' lang='lat' dir='ltr'>dum</span> <span class='ocrx_word' id='word_1_192' title='bbox 2261 3555 2352 3607; x_wconf 91' lang='lat' dir='ltr'>ea</span> <span class='ocrx_word' id='word_1_193' title='bbox 2398 3557 2606 3642; x_wconf 73' lang='lat' dir='ltr'>quae</span> <span class='ocrx_word' id='word_1_194' title='bbox 2633 3529 2864 3608; x_wconf 83' lang='lat' dir='ltr'>inter</span> <span class='ocrx_word' id='word_1_195' title='bbox 2909 3529 3212 3610; x_wconf 88' lang='lat' dir='ltr'>ostensa</span> 
     </span>
     <span class='ocr_line' id='line_1_24' title="bbox 456 3647 3214 3778; baseline -0.001 -28"><span class='ocrx_word' id='word_1_196' title='bbox 456 3669 719 3778; x_wconf 85' lang='lat' dir='ltr'>magis</span> <span class='ocrx_word' id='word_1_197' title='bbox 756 3665 1179 3748; x_wconf 81' lang='lat' dir='ltr'>neeeffaria</span> <span class='ocrx_word' id='word_1_198' title='bbox 1222 3665 1412 3744; x_wconf 87' lang='lat' dir='ltr'>sunt</span> <span class='ocrx_word' id='word_1_199' title='bbox 1454 3664 1683 3743; x_wconf 88' lang='lat' dir='ltr'>haud</span> <span class='ocrx_word' id='word_1_200' title='bbox 1731 3664 2090 3770; x_wconf 89' lang='lat' dir='ltr'>capiunt.</span> <span class='ocrx_word' id='word_1_201' title='bbox 2196 3666 2468 3744; x_wconf 86' lang='lat' dir='ltr'>Multa</span> <span class='ocrx_word' id='word_1_202' title='bbox 2515 3687 2790 3746; x_wconf 89' lang='lat' dir='ltr'>autem</span> <span class='ocrx_word' id='word_1_203' title='bbox 2837 3695 2930 3746; x_wconf 83' lang='lat' dir='ltr'>ex</span> <span class='ocrx_word' id='word_1_204' title='bbox 2973 3647 3074 3748; x_wconf 82' lang='lat' dir='ltr'>iis</span> <span class='ocrx_word' id='word_1_205' title='bbox 3105 3667 3214 3748; x_wconf 84' lang='lat' dir='ltr'>in</span> 
     </span>
     <span class='ocr_line' id='line_1_25' title="bbox 454 3801 3212 3912; baseline -0.001 -24"><span class='ocrx_word' id='word_1_206' title='bbox 454 3837 619 3888; x_wconf 86' lang='lat' dir='ltr'>una</span> <span class='ocrx_word' id='word_1_207' title='bbox 656 3803 1189 3912; x_wconf 75' lang='lat' dir='ltr'>propositione</span> <span class='ocrx_word' id='word_1_208' title='bbox 1221 3803 1568 3882; x_wconf 85' lang='lat' dir='ltr'>minime</span> <span class='ocrx_word' id='word_1_209' title='bbox 1604 3801 2184 3908; x_wconf 85' lang='lat' dir='ltr'>comprehendi</span> <span class='ocrx_word' id='word_1_210' title='bbox 2219 3801 2568 3908; x_wconf 85' lang='lat' dir='ltr'>poffunt,</span> <span class='ocrx_word' id='word_1_211' title='bbox 2620 3805 2815 3912; x_wconf 83' lang='lat' dir='ltr'>quia</span> <span class='ocrx_word' id='word_1_212' title='bbox 2851 3805 3013 3912; x_wconf 90' lang='lat' dir='ltr'>ipse</span> <span class='ocrx_word' id='word_1_213' title='bbox 3049 3807 3212 3887; x_wconf 90' lang='lat' dir='ltr'>Eu-</span> 
     </span>
     <span class='ocr_line' id='line_1_26' title="bbox 458 3939 3210 4050; baseline -0.002 -23"><span class='ocrx_word' id='word_1_214' title='bbox 458 3947 703 4027; x_wconf 84' lang='lat' dir='ltr'>clides</span> <span class='ocrx_word' id='word_1_215' title='bbox 753 3969 925 4022; x_wconf 90' lang='lat' dir='ltr'>non</span> <span class='ocrx_word' id='word_1_216' title='bbox 971 3942 1239 4020; x_wconf 86' lang='lat' dir='ltr'>multa</span> <span class='ocrx_word' id='word_1_217' title='bbox 1286 3939 1379 4020; x_wconf 89' lang='lat' dir='ltr'>in</span> <span class='ocrx_word' id='word_1_218' title='bbox 1424 3967 1917 4046; x_wconf 81' lang='lat' dir='ltr'>unaquaque</span> <span class='ocrx_word' id='word_1_219' title='bbox 1962 3939 2216 4044; x_wconf 80' lang='lat' dir='ltr'>specie</span> <span class='ocrx_word' id='word_1_220' title='bbox 2259 3941 2639 4046; x_wconf 76' lang='lat' dir='ltr'>posuerit,</span> <span class='ocrx_word' id='word_1_221' title='bbox 2713 3943 2848 4021; x_wconf 86' lang='lat' dir='ltr'>sed</span> <span class='ocrx_word' id='word_1_222' title='bbox 2892 3964 2988 4024; x_wconf 89' lang='lat' dir='ltr'>ut</span> <span class='ocrx_word' id='word_1_223' title='bbox 3033 3944 3210 4050; x_wconf 90' lang='lat' dir='ltr'>spe-</span> 
     </span>
     <span class='ocr_line' id='line_1_27' title="bbox 460 4077 3212 4187; baseline -0.001 -22"><span class='ocrx_word' id='word_1_224' title='bbox 460 4085 729 4165; x_wconf 90' lang='lat' dir='ltr'>cimen</span> <span class='ocrx_word' id='word_1_225' title='bbox 765 4079 993 4160; x_wconf 87' lang='lat' dir='ltr'>daret</span> <span class='ocrx_word' id='word_1_226' title='bbox 1026 4079 1333 4158; x_wconf 89' lang='lat' dir='ltr'>multae</span> <span class='ocrx_word' id='word_1_227' title='bbox 1368 4077 1671 4186; x_wconf 86' lang='lat' dir='ltr'>copiae,</span> <span class='ocrx_word' id='word_1_228' title='bbox 1724 4105 1978 4182; x_wconf 88' lang='lat' dir='ltr'>pauca</span> <span class='ocrx_word' id='word_1_229' title='bbox 2028 4077 2132 4156; x_wconf 89' lang='lat' dir='ltr'>ad</span> <span class='ocrx_word' id='word_1_230' title='bbox 2178 4079 2680 4184; x_wconf 84' lang='lat' dir='ltr'>principium</span> <span class='ocrx_word' id='word_1_231' title='bbox 2725 4080 2974 4187; x_wconf 86' lang='lat' dir='ltr'>primi</span> <span class='ocrx_word' id='word_1_232' title='bbox 3019 4081 3212 4161; x_wconf 90' lang='lat' dir='ltr'>libri</span> 
     </span>
     <span class='ocr_line' id='line_1_28' title="bbox 462 4215 3212 4330; baseline -0.001 -28"><span class='ocrx_word' id='word_1_233' title='bbox 462 4221 725 4330; x_wconf 81' lang='lat' dir='ltr'>posuit</span> <span class='ocrx_word' id='word_1_234' title='bbox 784 4217 1141 4324; x_wconf 76' lang='lat' dir='ltr'>ejusdem</span> <span class='ocrx_word' id='word_1_235' title='bbox 1198 4216 1543 4298; x_wconf 86' lang='lat' dir='ltr'>omnino</span> <span class='ocrx_word' id='word_1_236' title='bbox 1588 4215 1876 4322; x_wconf 88' lang='lat' dir='ltr'>speciei</span> <span class='ocrx_word' id='word_1_237' title='bbox 1922 4244 2118 4296; x_wconf 86' lang='lat' dir='ltr'>cum</span> <span class='ocrx_word' id='word_1_238' title='bbox 2165 4215 2578 4296; x_wconf 87' lang='lat' dir='ltr'>uberrima</span> <span class='ocrx_word' id='word_1_239' title='bbox 2621 4216 2760 4298; x_wconf 84' lang='lat' dir='ltr'>illa</span> <span class='ocrx_word' id='word_1_240' title='bbox 2805 4215 3072 4328; x_wconf 85' lang='lat' dir='ltr'>[quae</span> <span class='ocrx_word' id='word_1_241' title='bbox 3118 4219 3212 4306; x_wconf 77' lang='lat' dir='ltr'>in</span> 
     </span>
     <span class='ocr_line' id='line_1_29' title="bbox 464 4343 3213 4468; baseline -0 -28"><span class='ocrx_word' id='word_1_242' title='bbox 464 4361 727 4468; x_wconf 86' lang='lat' dir='ltr'>primo</span> <span class='ocrx_word' id='word_1_243' title='bbox 763 4359 977 4437; x_wconf 88' lang='lat' dir='ltr'>libro</span> <span class='ocrx_word' id='word_1_244' title='bbox 1010 4351 1397 4463; x_wconf 87' lang='lat' dir='ltr'>habetur]</span> <span class='ocrx_word' id='word_1_245' title='bbox 1434 4356 1845 4436; x_wconf 89' lang='lat' dir='ltr'>Locorum</span> <span class='ocrx_word' id='word_1_246' title='bbox 1878 4354 2160 4464; x_wconf 88' lang='lat' dir='ltr'>specie,</span> <span class='ocrx_word' id='word_1_247' title='bbox 2184 4343 2306 4434; x_wconf 58' lang='lat' dir='ltr'>⁸ut</span> <span class='ocrx_word' id='word_1_248' title='bbox 2341 4354 2622 4437; x_wconf 89' lang='lat' dir='ltr'>decem</span> <span class='ocrx_word' id='word_1_249' title='bbox 2654 4351 2810 4434; x_wconf 74' lang='lat' dir='ltr'>sint</span> <span class='ocrx_word' id='word_1_250' title='bbox 2843 4379 3213 4439; x_wconf 78' lang='lat' dir='ltr'>numero.</span> 
     </span>
     <span class='ocr_line' id='line_1_30' title="bbox 466 4480 3218 4611; baseline -0.001 -33"><span class='ocrx_word' id='word_1_251' title='bbox 466 4491 737 4611; x_wconf 79' lang='lat' dir='ltr'>Qare</span> <span class='ocrx_word' id='word_1_252' title='bbox 778 4494 930 4577; x_wconf 87' lang='lat' dir='ltr'>has</span> <span class='ocrx_word' id='word_1_253' title='bbox 986 4489 1623 4601; x_wconf 77' lang='lat' dir='ltr'>[propositiones</span> <span class='ocrx_word' id='word_1_254' title='bbox 1668 4489 1968 4574; x_wconf 82' lang='lat' dir='ltr'>scilicet</span> <span class='ocrx_word' id='word_1_255' title='bbox 2012 4491 2260 4600; x_wconf 86' lang='lat' dir='ltr'>hujus</span> <span class='ocrx_word' id='word_1_256' title='bbox 2307 4480 2643 4601; x_wconf 79' lang='lat' dir='ltr'>speciei]</span> <span class='ocrx_word' id='word_1_257' title='bbox 2705 4521 2874 4574; x_wconf 87' lang='lat' dir='ltr'>una</span> <span class='ocrx_word' id='word_1_258' title='bbox 2919 4517 3218 4604; x_wconf 60' lang='lat' dir='ltr'>propoae</span> 
     </span>
     <span class='ocr_line' id='line_1_31' title="bbox 1698 4633 2003 4720; baseline 0.016 -10"><span class='ocrx_word' id='word_1_259' title='bbox 1698 4633 1785 4720; x_wconf 86' lang='lat' dir='ltr'>X</span> <span class='ocrx_word' id='word_1_260' title='bbox 1831 4657 1885 4710; x_wconf 85' lang='lat' dir='ltr'><strong>x</strong></span> <span class='ocrx_word' id='word_1_261' title='bbox 1958 4655 2003 4715; x_wconf 85' lang='lat'>2</span> 
     </span>
    </p>
   </div>
  </div>
 </body>
</html>
