4109 5609
732 438 1835 558 QUANTITATUM
1904 438 2070 523 ET
2131 446 2935 536 RATIONUM.
3169 478 3226 565 9

591 662 714 745 Sit
746 684 1053 760 autem,
1105 659 1441 768 quando
1484 662 1633 740 DC
1678 661 2286 772 appropinquat
2319 673 2721 775 puncium
2759 674 2864 772 A,
2917 671 3226 755 chorda

450 803 597 885 AB
632 803 943 907 semper
976 798 1237 904 major
1269 799 1683 907 segmento
1716 801 1861 879 AC
1896 802 2478 915 contingentis,
2514 831 2595 891 et
2627 810 3224 893 ostendendum

448 942 563 1021 est
598 941 999 1019 rationem
1026 938 1169 1015 AB
1196 936 1304 1015 ad
1325 938 1471 1015 AC
1504 935 1911 1017 minorem
1946 936 2124 1019 fieri

451 1076 667 1187 poffe
701 1076 1015 1156 ratione
1049 1100 1543 1182 quacunque
1576 1074 1767 1154 data
1792 1074 2123 1181 majoris
2279 1138 2336 1200 A
2468 1160 2504 1223 Ι
2526 1157 2585 1221 K

454 1214 1029 1296 ad'minorem.
1112 1212 1233 1291 Sit
1267 1211 1479 1291 ratio
1522 1212 1714 1291 data
1751 1239 1841 1291 ea
1878 1241 2136 1318 quam

450 1351 700 1435 habet
735 1352 881 1431 ΑΕ.
920 1350 1025 1430 ad
1058 1350 1231 1447 AC,
1284 1369 1363 1429 et
1401 1370 1679 1429 centro
1718 1351 1823 1449 A,
1876 1351 2136 1431 inter·
2516 1333 2521 1338 ⁵

452 1492 668 1571 vallo
713 1490 887 1587 ΑΕ,
951 1486 1303 1568 circulus
1350 1485 1852 1567 describatur
1898 1488 2134 1594 cujus

455 1625 1155 1709 circumferentiae
1186 1645 1561 1704 occurrat
1594 1626 1809 1704 recia
1838 1626 1961 1705 CF
1988 1623 2136 1733 ipfi

452 1766 608 1845 AD
646 1763 1022 1869 parallela
1060 1762 1147 1842 in
1186 1764 1269 1862 F,
1310 1782 1389 1841 et
1424 1760 1513 1839 in
1544 1760 2137 1844 circumferen-
2244 1772 2258 1777 “

451 1902 569 1983 tia
615 1903 741 1981 EF
786 1900 1157 1981 sumatur
1192 1898 1543 2005 quodvis
1592 1899 1999 2004 punc‘tum
2051 1902 2138 1981 G

452 2038 667 2119 inter
724 2064 1065 2118 curvam
1122 2040 1201 2115 A
1226 2038 1291 2115 B
1365 2056 1447 2116 et
1516 2036 2136 2145 contingentem

447 2178 637 2276 AC;
665 2174 1129 2285 jungantur
1149 2174 1339 2273 AG,
1366 2173 1551 2272 GC,
1586 2200 1942 2280 quarum
1966 2176 2132 2255 AG

448 2311 881 2395 necefl'ario
916 2339 1212 2393 curvae
1242 2331 1613 2391 occurret
1648 2310 1739 2391 in
1765 2312 2130 2420 quodam

403 2439 409 2445 ’
446 2452 757 2559 Ριιηέὶο
792 2453 911 2549 H,
952 2452 1309 2529 ducatur
1340 2450 1512 2528 DH
1550 2476 1757 2556 quae
1804 2446 1949 2556 ipfi
1982 2452 2130 2531 AC

444 2609 823 2669 occurrat
856 2588 947 2666 in
984 2590 1090 2685 K,
1142 2609 1221 2665 et
1260 2588 1523 2667 reostae
1558 2586 1712 2665 GC
1746 2587 2128 2693 parallela

444 2726 798 2807 ducatur
822 2726 1009 2808 HL.
1058 2725 1191 2803 Est
1216 2723 1475 2831 igitur
1495 2726 1653 2804 ΑΚ
1688 2722 1951 2830 major
1976 2726 2124 2805 AL

444 2885 529 2945 et
590 2883 1003 2969 propterea
1052 2860 1260 2940 ratio
1298 2862 1468 2939 ΑΗ
1516 2861 1622 2941 ad
1654 2862 1811 2940 AK
1845 2861 2126 2942 minor

446 3003 558 3082 est
594 3002 907 3080 ratione
930 3000 1097 3077 AH
1134 2998 1239 3078 ad
1262 2999 1440 3097 AL,
1470 2996 1625 3080 hoc
1662 2998 1773 3077 est
1808 2997 2124 3079 ratione

441 3138 608 3218 AG
654 3136 814 3218 five
859 3138 1005 3215 AE
1056 3136 1161 3215 ad
1206 3136 1379 3237 AC,
1440 3134 1597 3217 hoc
1656 3135 1767 3215 est
1799 3136 2114 3218 ratione

436 3276 660 3359 flata.
778 3274 1015 3388 QE.
1050 3276 1156 3357 D,

1434 3546 1937 3630 PROP.
2073 3546 2185 3629 V.

449 3833 509 3874 ‘⁴
558 3825 675 3904 IN
724 3848 1213 3931 quacunque
1248 3848 1497 3901 curva
1532 3822 1660 3901 vel
1694 3842 1919 3927 parte
1942 3848 2262 3921 curvae,
2293 3850 2346 3901 a
2375 3822 2612 3930 cujus
2646 3826 2942 3933 quovis
2982 3856 3203 3937 pun..

448 3970 507 4014 “
558 3966 689 4045 &o
732 3960 926 4041 duci
978 3959 1271 4066 poterit
1314 3958 1560 4038 unica
1605 3978 1933 4039 tantum
1978 3962 2196 4041 reita
2241 3986 2578 4041 curvam
2615 3961 2706 4043 in
2753 3992 2848 4044 eo
2893 3970 3203 4072 punc‘to

448 4106 509 4148 “
558 4098 1072 4207 contingens,
1100 4098 1375 4177 Limes
1400 4095 1739 4177 rationis
1774 4124 2027 4203 quam
2065 4096 2311 4177 habet
2341 4096 2793 4181 differentia
2829 4089 3206 4185 absciffa-

448 4244 507 4285 ‘⁸
554 4247 747 4319 rum
793 4264 841 4316 a
888 4234 1177 4342 quavis
1213 4234 1640 4333 diametm,
1676 4233 1786 4313 ad
1810 4232 2355 4316 differentiam
2386 4240 2792 4319 rectarum
2827 4268 3034 4345 quae
3067 4242 3204 4321 di-

446 4382 505 4423 “
554 4396 864 4456 ametro
899 4372 1345 4455 ordinatim
1380 4372 1920 4476 applicantur,
1960 4374 2242 4453 eadem
2282 4374 2390 4453 est
2425 4374 2720 4457 rationi
2758 4404 3010 4482 quam
3043 4379 3202 4459 ha·-

444 4519 505 4560 “
556 4512 692 4597 bet
737 4513 1251 4624 segmentum
1296 4508 1675 4591 diametri
1722 4510 1936 4592 inter
1982 4512 2448 4595 ordinatam
2493 4536 2572 4597 et
2617 4516 2922 4599 restam
2991 4542 3202 4626 quae

1774 4648 1859 4727 G
