4109 5609
823 360 827 364 ’
960 416 1061 469 10
1512 320 1801 467 'DE
1900 384 3046 473 LoGAmTHMis.

948 634 1040 685 ea
1078 630 1286 711 quae
1324 632 1421 685 ex
1454 602 1738 681 iisdem
1774 598 2208 707 composita
2246 588 2903 709 proiime‘major
2935 608 3045 689 est
3079 606 3391 688 ratione
3429 612 3580 688 KL
3609 610 3716 691 ad

946 744 1161 839 LM;
1238 762 1316 820 et
1350 738 1444 822 fit
1478 740 1687 819 ratio
1720 740 1859 817 FG
1899 740 2003 817 ad
2038 740 2181 849 GP
2220 766 2312 816 ex
2349 737 2838 821 radicalibus
2871 742 3308 848 composita
3341 747 3720 850 proxime

944 880 1221 961 minor
1254 877 1563 957 ratione
1600 877 1739 955 FG
1778 876 1883 954 ad
1918 877 2134 973 GH;
2189 896 2266 953 et
2301 874 2509 953 ratio
2545 878 2688 955 KL
2729 878 2833 955 ad
2865 878 3161 993 LQea
3197 910 3404 987 quae
3437 910 3540 961 ex
3573 884 3714 961 iis-

946 1016 1137 1095 dem
1175 1012 1605 1121 compofita
1645 1012 2007 1118 proxime
2042 1012 2330 1089 minor
2349 1012 2460 1089 est
2494 1012 2802 1095 ratione
2837 1018 2982 1095 KL
3020 1017 3125 1095 ad
3159 1020 3352 1101 LM.
3399 1018 3526 1097 Sit
3563 1048 3714 1099 au-

946 1174 1115 1232 tem
1152 1152 1279 1231 RS
1315 1149 1854 1258 logarithmus
1892 1147 2230 1226 rationis
2270 1148 2408 1225 FG
2458 1148 2560 1225 ad
2609 1148 2802 1250 GN,
2853 1174 2932 1235 et
2979 1154 3130 1233 RT
3167 1154 3712 1262 logatithmus

946 1287 1283 1369 rationis
1320 1288 1460 1367 FG
1499 1285 1603 1365 ad
1650 1286 1833 1384 GP3
1908 1282 2007 1362 fit
2054 1312 2239 1363 vero
2287 1284 2443 1363 RV
2490 1284 2603 1361 lo·

948 1424 1409 1534 garithmus
1454 1421 1788 1502 rationis
1838 1422 1977 1499 FG
2026 1420 2132 1499 ad
2179 1420 2380 1518 GH,
2457 1420 2606 1525 qui
2745 1462 2804 1539 F
3201 1464 3261 1539 p
3341 1462 3430 1539 H
3465 1464 3548 1539 N
3623 1466 3710 1541 G

952 1561 1276 1659 scilicet,
1341 1588 1481 1667 per
1514 1560 1697 1641 Def.
1742 1585 1816 1663 3.
1865 1558 2174 1663 semper
2207 1557 2466 1662 major
2499 1558 2613 1637 est
3220 1597 3240 1623 ·

955 1726 1209 1805 quam
1246 1698 1424 1795 RT,
1474 1717 1551 1776 et
1587 1694 1860 1773 minor
1896 1722 2148 1801 quam
2197 1694 2350 1775 RS.
2437 1692 2614 1773 Erit
2748 1732 2827 1811 K
3161 1727 3492 1841 QMO
3572 1730 3640 1807 L

955 1836 1203 1916 etiam
1251 1835 1407 1913 RV
1466 1830 2001 1939 logarithmus
2063 1828 2397 1909 rationis
2447 1830 2606 1909 KL

958 1972 1065 2051 ad
1096 1972 1290 2053 LM.
1374 1969 1793 2082 Qoniam
1830 1968 2051 2046 enim
2085 1966 2290 2045 ratio
2327 1966 2466 2045 FG
2503 1965 2608 2045 ad
2693 2014 2706 2035 ι
2745 2002 2820 2078 R
3161 2000 3242 2077 T
3293 2000 3378 2076 V
3435 1998 3494 2077 S

956 2110 1133 2188 GH
1168 2104 1445 2187 eadem
1482 2107 1591 2185 est
1625 2103 1921 2201 rationi
1960 2104 2104 2182 KL
2143 2102 2246 2181 ad
2281 2104 2478 2200 LM,
2529 2123 2610 2182 et

958 2246 1069 2324 est
1126 2243 1335 2326 ratio
1391 2244 1534 2327 FG
1594 2240 1701 2320 ad
1756 2240 1921 2320 GN
1980 2268 2076 2321 ex
2123 2237 2612 2319 radicalibus

962 2378 1395 2485 composita
1439 2378 1802 2486 proxime
1848 2376 2107 2481 major
2150 2374 2462 2455 ratione
2497 2375 2640 2453 FG
2679 2371 2782 2453 ad
2818 2373 3025 2472 GH,
3087 2373 3292 2453 ratio
3337 2400 3530 2452 vero
3565 2375 3714 2453 KL

909 2554 917 2560 -
958 2518 1064 2597 ad
1098 2518 1244 2597 LO
1278 2544 1373 2599 ex
1403 2516 1691 2597 iisdem
1722 2511 2189 2631 composita,
2223 2512 2594 2617 proxime
2626 2511 2888 2616 major
2909 2511 3020 2591 est
3055 2511 3364 2591 ratione
3408 2512 3558 2591 KL
3609 2511 3717 2591 ad

968 2656 1183 2753 LM;
1234 2652 1413 2753 erit,
1453 2680 1596 2758 per
1626 2654 1856 2755 Prop.
1879 2676 1953 2734 2.
1988 2648 2196 2729 ratio
2231 2648 2372 2727 FG
2408 2648 2512 2729 ad
2547 2649 2740 2747 GN,
2777 2646 3061 2730 eadem
3094 2648 3391 2729 rationi
3427 2648 3576 2727 KL
3616 2648 3722 2727 ad

964 2792 1136 2873 LO.
1240 2788 1529 2899 Igitur,
1579 2815 1721 2894 per
1764 2789 1994 2890 Prop.
2057 2810 2124 2866 1.
2183 2784 2657 2891 logarithmi
2699 2784 2998 2863 harum
3053 2784 3472 2865 rationum
3530 2785 3719 2865 sunt

964 2928 1177 3008 inter
1210 2924 1287 3005 se
1322 2926 1714 3031 aequales·
1810 2922 1945 3001 Est
1978 2942 2252 3000 autem
2288 2922 2417 3000 RS
2462 2919 3002 3028 logarithmus
3048 2921 3384 3001 rationis
3435 2920 3579 3001 FG
3617 2921 3722 2999 ad

964 3066 1157 3173 GN,
1208 3088 1457 3168 quare
1492 3081 1569 3141 et
1606 3060 1731 3141 RS
1769 3056 2307 3167 logarithmus
2344 3056 2454 3137 est
2486 3055 2822 3137 rationis
2857 3057 3004 3138 KL
3042 3058 3148 3137 ad
3191 3060 3362 3141 LO.
3469 3058 3720 3139 Simi-

967 3200 1149 3280 liter
1191 3198 1651 3278 ostendetur
1685 3196 1835 3275 RT
1885 3192 2474 3302 logarithmum
2521 3192 2818 3274 scilicet
2853 3193 3186 3274 rationis
3223 3196 3365 3274 FG
3401 3196 3510 3276 ad
3544 3196 3717 3293 GP,

966 3336 1118 3419 effe
1152 3334 1399 3416 etiam
1430 3331 2017 3443 logarithmum
2051 3328 2388 3410 rationis
2425 3330 2571 3408 KL
2609 3330 2710 3409 ad
2745 3330 2958 3444 LQ
3011 3331 3432 3443 Qoniam
3465 3332 3724 3439 igitur

970 3474 1127 3555 RV
1171 3473 1479 3575 semper
1534 3468 1793 3575 major
1819 3468 1949 3551 'est
1998 3493 2253 3574 quam
2301 3466 2452 3545 RT
2497 3466 2991 3575 logarithmo
3033 3466 3369 3547 rationis
3419 3470 3568 3547 KL
3618 3468 3718 3547 ad

970 3609 1182 3721 LQ
1200 3628 1279 3687 et
1312 3606 1585 3688 minor
1620 3632 1871 3712 quam
1918 3603 2045 3685 RS
2094 3602 2584 3710 logarithmo
2629 3603 2970 3685 rationis
3003 3604 3148 3685 KL
3197 3606 3302 3687 ad
3343 3605 3524 3704 LO,
3577 3604 3724 3685 erit

974 3742 1198 3853 [Des.
1239 3740 1356 3851 3.]
1406 3744 1561 3826 RV
1595 3740 2132 3853 logarithmus
2165 3739 2502 3821 rationis
2539 3740 2684 3819 KL
2723 3741 2831 3821 ad
2861 3724 3058 3825 LM.

1958 3946 2451 4026 PROP.
2591 3942 2736 4027 IV.

980 4154 1041 4195 ‘⁴
1090 4152 1669 4269 Logarithmus
1704 4148 2031 4255 majoris
2069 4147 2404 4231 rationis
2451 4147 2712 4254 major
2755 4148 2864 4229 est
2910 4147 3403 4256 logarithmo
3448 4150 3720 4229 mino-

982 4294 1039 4334 “
1089 4289 1243 4381 ris;
1316 4311 1663 4395 utraque
1697 4308 1971 4368 autem
2004 4285 2212 4365 ratio
2245 4284 2341 4367 fit
2375 4284 2702 4389 majoris
2739 4286 2843 4365 ad
2877 4282 3360 4369 minorem.''

1120 4428 1319 4509 CAS.
1348 4450 1415 4506 1.
1461 4426 1547 4509 Si
1580 4446 1923 4535 utraque
1957 4421 2166 4506 ratio
2201 4418 2636 4526 compofita
2667 4418 2761 4503 fit
2799 4450 2890 4501 ex
2924 4422 3378 4503 rationibus
3411 4422 3726 4519 radica-
