4109 5609
857 383 1018 484 550
1481 377 1664 454 DE
1765 374 2973 461 Pokis-Marinus,

851 595 1206 694 reddidit
1265 592 1798 700 Propofitione
1855 593 2231 698 sequente
2249 657 2271 694 ‚
2346 621 2603 700 quam
2662 595 2948 674 multis
3010 595 3310 675 abhinc
3375 599 3627 679 annis

854 733 1064 843 mihi
1103 732 1768 830 communicavit,
1809 731 1966 813 viz.
2428 728 2656 838 [vid.
2684 731 2824 843 fig.
2852 711 3024 814 cas.
3059 759 3133 816 2.
3170 735 3403 840 prop.
3436 738 3483 818 8
3492 732 3614 843 3.]

993 875 1206 950 Data
1243 867 1627 976 pofitione
1663 892 1740 948 et
1774 868 2345 976 magnitudine
2380 867 2777 950 diametro
2822 873 2966 948 AB
3016 871 3326 972 circuli,
3378 872 3615 976 cujus

857 1031 1230 1089 centrum
1265 1009 1374 1086 est
1410 1009 1516 1104 (ἒς
1581 1007 1952 1110 datisque
1987 1007 2080 1085 in
2112 1008 2255 1086 AB
2292 1006 2615 1086 duobus
2650 1007 2975 1110 punffis
3014 1009 3120 1104 D,
3158 1010 3193 1086 I
3233 1037 3443 1115 quae
3478 1009 3617 1088 in-

859 1146 1296 1252 aequaliter
1355 1175 1400 1224 a
1459 1167 1734 1224 centro
1793 1144 2091 1222 distant
2152 1143 2256 1226 ad
2316 1142 2757 1224 contrarias
2804 1139 2973 1248 ejus
3034 1168 3297 1250 partes
3326 1179 3348 1238 ;
3423 1147 3622 1226 data

857 1304 1096 1368 erunt
1145 1282 1300 1360 alia
1360 1282 1534 1361 duo
1575 1283 1878 1386 punobt
1925 1311 1972 1360 a
2018 1280 2321 1385 quibus
2370 1278 2429 1358 fi
2474 1277 2997 1362 inflectantur
3040 1303 3462 1390 utcunque
3510 1285 3627 1366 ad

859 1419 1599 1500 circumferentiam
1635 1419 1842 1496 duae
1879 1420 2165 1517 reciae,
2216 1444 2569 1524 quarum
2606 1418 2853 1496 altera
2886 1418 3284 1500 diametro
3324 1449 3619 1501 occur-

859 1558 969 1635 rit
1004 1556 1094 1635 in
1130 1560 1236 1654 K,
1285 1556 1596 1662 reliqua
1629 1583 1816 1633 vero
1853 1553 1996 1660 ipfi
2041 1555 2131 1633 in
2177 1556 2275 1654 L,
2327 1555 2615 1633 datum
2652 1554 2808 1658 erit
2837 1556 3337 1661 quadratum
3368 1585 3463 1637 ex
3498 1561 3619 1638 KI

861 1721 1029 1772 una
1063 1721 1256 1776 cum
1289 1693 1543 1798 spatio
1579 1692 1684 1770 ad
1719 1693 1944 1797 quod
1981 1693 2475 1797 quadratum
2511 1719 2605 1770 ex
2638 1693 2783 1776 DL
2824 1693 3163 1772 eandem
3198 1695 3446 1774 habet
3480 1723 3617 1774 ra-

859 1832 1170 1913 tionem
1205 1859 1458 1936 quam
1493 1829 1740 1915 habet
1776 1833 1988 1910 recta
2018 1831 2165 1907 DC
2200 1829 2309 1911 ad.
2339 1828 2598 1933 ipsam
2634 1831 2763 1912 CI.
2858 1829 3293 1935 Propofitio
3340 1851 3629 1911 autem-

862 1969 1058 2048 haec
1095 1967 1556 2075 investigari
1592 1988 1668 2048 et
1703 1965 2012 2048 ostendi
2048 1967 2299 2071 potest
2336 1965 2582 2048 modo
2628 1994 2799 2046 non
2845 1969 3209 2048 multum
3252 1967 3625 2051 diflimili

863 2106 935 2186 ei
974 2103 1117 2214 qui
1153 2104 1243 2187 in
1280 2105 1449 2186 Cas.
1493 2129 1566 2187 2.
1615 2107 1844 2210 Prop.
1889 2105 2016 2210 83.
2055 2101 2471 2186 adhibitus
2507 2103 2697 2186 fuit.

1707 2383 1766 2458 P
1835 2381 1908 2458 R
1977 2379 2052 2457 O
2118 2379 2203 2458 P.
2342 2376 2781 2460 LXXXV..

881 2575 887 2580 ’
1015 2583 1135 2662 Ex
1173 2569 1336 2692 qua
1371 2582 1661 2689 quinta
1699 2581 2075 2662 Fermatii
2110 2577 2541 2690 Propofitio
2576 2581 3045 2663 immediate
3076 2581 3466 2689 sequitur.

873 2794 930 2832 ‘⁶
979 2790 1286 2869 DATO
1321 2785 1704 2893 positione
1741 2808 1816 2866 et
1849 2784 2422 2894 magnitudine
2458 2785 2789 2887 circulo,
2830 2807 2909 2866 et
2931 2785 3148 2869 1·εέὶᾶ
3180 2787 3395 2868 linea
3428 2787 3637 2870 data

872 2931 932 2969 “
982 2925 1406 3034 pofitione3
1480 2925 1666 3004 data
1698 2945 1964 3024 erunt,
2015 2923 2106 3001 in
2149 2925 2365 3004 resta
2410 2922 2603 3004 huic
2650 2923 3053 3032 paranda,
3102 2925 3271 3005 duo
3316 2927 3637 3032 puncta

872 3068 929 3106 “
981 3093 1030 3144 a
1063 3064 1368 3170 quibus
1400 3059 1460 3140 fi
1493 3061 1598 3142 ad
1631 3059 2372 3142 circumferentiam
2404 3081 2825 3168 utcunque
2858 3059 3380 3144 inflectantur
3412 3063 3629 3143 duas:

871 3205 929 3244 “
977 3203 1237 3281 rectae
1270 3199 1588 3280 summa
1624 3197 2213 3304 quadratorum
2244 3224 2339 3276 ex
2372 3193 2689 3277 inflexis
2724 3197 3063 3280 habebit
3094 3199 3201 3280 ad
3243 3200 3625 3308 triangu-

872 3342 931 3380 “
981 3339 1160 3418 lum
1217 3333 1534 3416 inflexis
1599 3357 1676 3414 et
1735 3333 1948 3414 recia
1995 3362 2203 3440 quae
2248 3333 2413 3413 duo
2460 3337 2763 3439 puncta
2808 3333 3235 3446 conjungit
3280 3359 3623 3417 conten-
3706 3425 3713 3430 ,

874 3479 930 3517 “
982 3497 1192 3574 tum,
1243 3471 1642 3553 rationem
1675 3471 1905 3550 datae
1933 3469 2234 3550 rationi
2272 3468 2690 3552 eandem.”

1010 3746 1129 3825 Sit
1177 3746 1524 3825 circulus
1573 3743 1956 3850 positione
2003 3745 2243 3824 datus
2290 3742 2521 3848 cujus
2568 3723 2969 3825 diameter*
3003 3742 3395 3852 positione
3435 3746 3624 3827 data

871 3881 966 3963 fit
1002 3885 1142 3962 AB
1181 3907 1258 3962 et
1292 3905 1662 3962 centrum
1701 3885 1790 3962 C.
1883 3885 1984 3960 Et
2022 3905 2217 3988 puta
2251 3881 2602 3962 Porifina
2638 3910 2923 3961 verum
2959 3881 3134 3983 effe,
3184 3884 3375 3962 data
3408 3884 3620 3964 scili-

877 4043 1000 4100 cet
1037 4019 1182 4100 effe
1219 4021 1384 4101 duo
1419 4023 1722 4127 puncia
1768 4021 1876 4119 D,
1918 4021 1982 4096 E
2031 4020 2119 4097 in
2162 4021 2377 4100 refia
2423 4017 2567 4125 ipfi
2612 4022 2754 4097 AB
2802 4021 3179 4126 parallela
3224 4047 3271 4098 a
3318 4021 3615 4126 quibus

873 4180 1294 4265 utcunque
1341 4156 1652 4236 inflexis
1699 4159 1864 4255 DF,
1907 4159 2030 4234 EF
2079 4156 2179 4234 ad
2230 4155 2996 4258 circumferentiam,
3046 4157 3367 4236 summa
3412 4186 3619 4264 qua-

873 4298 1296 4378 dratorum
1347 4323 1440 4374 ex
1486 4297 1666 4393 DF,
1709 4295 1844 4372 EF
1893 4293 2230 4372 habebit
2292 4293 2398 4373 ad
2456 4293 2964 4402 triangulum
3010 4291 3195 4400 ipfis
3254 4295 3433 4396 DF,
3486 4295 3620 4375 FE

873 4434 1258 4548 ctjunfia
1295 4435 1442 4512 DE
1477 4421 1952 4514 contentum
1989 4429 2386 4511 rationem
2422 4431 2762 4512 eandem
2790 4432 3023 4512 datae
3046 4431 3342 4514 rationi
3368 4459 3622 4540 quam
