<?xml version="1.0" encoding="UTF-8"?>
<!DOCTYPE html PUBLIC "-//W3C//DTD XHTML 1.0 Transitional//EN"
    "http://www.w3.org/TR/xhtml1/DTD/xhtml1-transitional.dtd">
<html xmlns="http://www.w3.org/1999/xhtml" xml:lang="en" lang="en">
 <head>
  <title>
</title>
<meta http-equiv="Content-Type" content="text/html;charset=utf-8" />
  <meta name='ocr-system' content='tesseract 3.04.00' />
  <meta name='ocr-capabilities' content='ocr_page ocr_carea ocr_par ocr_line ocrx_word'/>
</head>
<body>
  <div class='ocr_page' id='page_1' title='image "./robertisimsonmd00unkngoog_0674.png"; bbox 0 0 4109 5609; ppageno 0'>
   <div class='ocr_carea' id='block_1_1' title="bbox 937 401 3086 519">
    <p class='ocr_par' dir='ltr' id='par_1_1' title="bbox 937 401 3086 519">
     <span class='ocr_line' id='line_1_1' title="bbox 937 401 3086 519; baseline 0.003 -36"><span class='ocrx_word' id='word_1_1' title='bbox 937 438 1063 519; x_wconf 56' lang='grc' dir='ltr'><strong>η</strong></span> <span class='ocrx_word' id='word_1_2' title='bbox 1600 401 3086 503; x_wconf 66' lang='grc' dir='ltr'>θΕιῑΜῙΤῙΒυδ</span> 
     </span>
    </p>
   </div>
   <div class='ocr_carea' id='block_1_2' title="bbox 928 622 3722 1287">
    <p class='ocr_par' dir='ltr' id='par_1_2' title="bbox 928 622 3722 1287">
     <span class='ocr_line' id='line_1_2' title="bbox 928 622 3720 733; baseline 0.002 -28"><span class='ocrx_word' id='word_1_3' title='bbox 928 636 1011 677; x_wconf 67' lang='lat'>⁴‘</span> <span class='ocrx_word' id='word_1_4' title='bbox 1056 627 1233 729; x_wconf 91' lang='lat' dir='ltr'>AC,</span> <span class='ocrx_word' id='word_1_5' title='bbox 1261 628 1433 707; x_wconf 80' lang='lat' dir='ltr'>AF:</span> <span class='ocrx_word' id='word_1_6' title='bbox 1474 623 1930 715; x_wconf 83' lang='lat' dir='ltr'>decrescant</span> <span class='ocrx_word' id='word_1_7' title='bbox 1966 624 2154 723; x_wconf 87' lang='lat' dir='ltr'>GA,</span> <span class='ocrx_word' id='word_1_8' title='bbox 2197 626 2395 722; x_wconf 82' lang='lat' dir='ltr'>HC3</span> <span class='ocrx_word' id='word_1_9' title='bbox 2459 644 2538 705; x_wconf 84' lang='lat' dir='ltr'>et</span> <span class='ocrx_word' id='word_1_10' title='bbox 2572 626 2697 707; x_wconf 84' lang='lat' dir='ltr'>vel</span> <span class='ocrx_word' id='word_1_11' title='bbox 2737 622 2826 706; x_wconf 83' lang='lat' dir='ltr'>fit</span> <span class='ocrx_word' id='word_1_12' title='bbox 2861 626 3070 707; x_wconf 85' lang='lat' dir='ltr'>ratio</span> <span class='ocrx_word' id='word_1_13' title='bbox 3105 626 3468 733; x_wconf 82' lang='lat' dir='ltr'><strong>ipsarum</strong></span> <span class='ocrx_word' id='word_1_14' title='bbox 3501 629 3720 709; x_wconf 87' lang='lat' dir='ltr'><strong>sem-</strong></span> 
     </span>
     <span class='ocr_line' id='line_1_3' title="bbox 934 762 3720 875; baseline 0.001 -31"><span class='ocrx_word' id='word_1_15' title='bbox 934 773 1009 814; x_wconf 72' lang='lat'>·⁴‘</span> <span class='ocrx_word' id='word_1_16' title='bbox 1058 794 1201 875; x_wconf 87' lang='lat' dir='ltr'>per</span> <span class='ocrx_word' id='word_1_17' title='bbox 1247 764 1529 845; x_wconf 85' lang='lat' dir='ltr'><strong>eadem</strong></span> <span class='ocrx_word' id='word_1_18' title='bbox 1572 762 1873 843; x_wconf 88' lang='lat' dir='ltr'>rationi</span> <span class='ocrx_word' id='word_1_19' title='bbox 1920 762 2154 841; x_wconf 86' lang='lat' dir='ltr'>datae</span> <span class='ocrx_word' id='word_1_20' title='bbox 2201 764 2460 845; x_wconf 62' lang='lat' dir='ltr'>refiae</span> <span class='ocrx_word' id='word_1_21' title='bbox 2505 764 2582 842; x_wconf 88' lang='lat' dir='ltr'>O</span> <span class='ocrx_word' id='word_1_22' title='bbox 2630 765 2731 843; x_wconf 86' lang='lat' dir='ltr'>ad</span> <span class='ocrx_word' id='word_1_23' title='bbox 2778 765 3058 843; x_wconf 85' lang='lat' dir='ltr'>datam</span> <span class='ocrx_word' id='word_1_24' title='bbox 3105 768 3192 864; x_wconf 88' lang='lat' dir='ltr'>P,</span> <span class='ocrx_word' id='word_1_25' title='bbox 3267 768 3391 845; x_wconf 86' lang='lat' dir='ltr'>vel</span> <span class='ocrx_word' id='word_1_26' title='bbox 3437 767 3720 851; x_wconf 82' lang='lat' dir='ltr'>Limes</span> 
     </span>
     <span class='ocr_line' id='line_1_4' title="bbox 938 898 3722 1008; baseline 0 -22"><span class='ocrx_word' id='word_1_27' title='bbox 938 910 1008 951; x_wconf 80' lang='lat'>⁴‘</span> <span class='ocrx_word' id='word_1_28' title='bbox 1058 903 1395 986; x_wconf 85' lang='lat' dir='ltr'>rationis</span> <span class='ocrx_word' id='word_1_29' title='bbox 1441 901 1802 1008; x_wconf 83' lang='lat' dir='ltr'>ipsarum</span> <span class='ocrx_word' id='word_1_30' title='bbox 1836 898 1931 979; x_wconf 89' lang='lat' dir='ltr'>fit</span> <span class='ocrx_word' id='word_1_31' title='bbox 1972 900 2186 981; x_wconf 78' lang='lat' dir='ltr'>ratio</span> <span class='ocrx_word' id='word_1_32' title='bbox 2221 904 2480 983; x_wconf 64' lang='lat' dir='ltr'>teche</span> <span class='ocrx_word' id='word_1_33' title='bbox 2539 903 2616 979; x_wconf 91' lang='lat' dir='ltr'>O</span> <span class='ocrx_word' id='word_1_34' title='bbox 2655 902 2756 981; x_wconf 84' lang='lat' dir='ltr'>ad</span> <span class='ocrx_word' id='word_1_35' title='bbox 2792 904 3097 985; x_wconf 75' lang='lat' dir='ltr'><strong>rectam</strong></span> <span class='ocrx_word' id='word_1_36' title='bbox 3132 906 3232 1000; x_wconf 91' lang='lat' dir='ltr'>P;</span> <span class='ocrx_word' id='word_1_37' title='bbox 3308 904 3462 983; x_wconf 84' lang='lat' dir='ltr'>erit</span> <span class='ocrx_word' id='word_1_38' title='bbox 3505 905 3722 987; x_wconf 84' lang='lat' dir='ltr'>ratio</span> 
     </span>
     <span class='ocr_line' id='line_1_5' title="bbox 938 1040 3720 1150; baseline 0.004 -36"><span class='ocrx_word' id='word_1_39' title='bbox 938 1048 1007 1087; x_wconf 81' lang='lat'><strong><em>“</em></strong></span> <span class='ocrx_word' id='word_1_40' title='bbox 1058 1069 1315 1150; x_wconf 83' lang='lat' dir='ltr'>quam</span> <span class='ocrx_word' id='word_1_41' title='bbox 1360 1040 1609 1121; x_wconf 86' lang='lat' dir='ltr'>habet</span> <span class='ocrx_word' id='word_1_42' title='bbox 1644 1040 2250 1145; x_wconf 61' lang='lat' dir='ltr'><strong>ree’tangulum,</strong></span> <span class='ocrx_word' id='word_1_43' title='bbox 2303 1040 2408 1139; x_wconf 85' lang='lat' dir='ltr'>O,</span> <span class='ocrx_word' id='word_1_44' title='bbox 2457 1040 2602 1119; x_wconf 91' lang='lat' dir='ltr'>AB</span> <span class='ocrx_word' id='word_1_45' title='bbox 2649 1068 2814 1119; x_wconf 85' lang='lat' dir='ltr'>una</span> <span class='ocrx_word' id='word_1_46' title='bbox 2853 1068 3048 1119; x_wconf 83' lang='lat' dir='ltr'>cum</span> <span class='ocrx_word' id='word_1_47' title='bbox 3093 1040 3263 1146; x_wconf 89' lang='lat' dir='ltr'>ipso</span> <span class='ocrx_word' id='word_1_48' title='bbox 3298 1043 3387 1143; x_wconf 87' lang='lat' dir='ltr'>P,</span> <span class='ocrx_word' id='word_1_49' title='bbox 3437 1042 3576 1121; x_wconf 92' lang='lat' dir='ltr'>BC</span> <span class='ocrx_word' id='word_1_50' title='bbox 3611 1042 3720 1125; x_wconf 82' lang='lat' dir='ltr'>ad</span> 
     </span>
     <span class='ocr_line' id='line_1_6' title="bbox 934 1175 3722 1287; baseline 0.003 -35"><span class='ocrx_word' id='word_1_51' title='bbox 934 1184 1009 1226; x_wconf 74' lang='lat'>⁴⁶</span> <span class='ocrx_word' id='word_1_52' title='bbox 1058 1177 1629 1287; x_wconf 64' lang='lat' dir='ltr'>reaangulum</span> <span class='ocrx_word' id='word_1_53' title='bbox 1664 1179 1778 1276; x_wconf 87' lang='grc' dir='ltr'>Ο,</span> <span class='ocrx_word' id='word_1_54' title='bbox 1824 1178 2000 1275; x_wconf 89' lang='grc' dir='ltr'>ΑΕ,</span> <span class='ocrx_word' id='word_1_55' title='bbox 2064 1176 2340 1257; x_wconf 78' lang='lat' dir='ltr'><strong>Limes</strong></span> <span class='ocrx_word' id='word_1_56' title='bbox 2385 1175 2722 1260; x_wconf 71' lang='lat' dir='ltr'>rationis</span> <span class='ocrx_word' id='word_1_57' title='bbox 2771 1178 3404 1261; x_wconf 80' lang='lat' dir='ltr'>decrescentium</span> <span class='ocrx_word' id='word_1_58' title='bbox 3445 1178 3722 1263; x_wconf 83' lang='lat' dir='ltr'><strong>’mere-</strong></span> 
     </span>
    </p>
   </div>
   <div class='ocr_carea' id='block_1_3' title="bbox 942 1310 2104 1414">
    <p class='ocr_par' dir='ltr' id='par_1_3' title="bbox 942 1310 2104 1414">
     <span class='ocr_line' id='line_1_7' title="bbox 942 1310 2104 1414; baseline -0.002 -15"><span class='ocrx_word' id='word_1_59' title='bbox 942 1322 1009 1365; x_wconf 82' lang='lat'>“</span> <span class='ocrx_word' id='word_1_60' title='bbox 1056 1338 1531 1399; x_wconf 86' lang='lat' dir='ltr'>mentorum</span> <span class='ocrx_word' id='word_1_61' title='bbox 1554 1316 1831 1414; x_wconf 88' lang='lat' dir='ltr'><strong>ALH,</strong></span> <span class='ocrx_word' id='word_1_62' title='bbox 1870 1310 2104 1397; x_wconf 56' lang='lat' dir='ltr'>ANP</span> 
     </span>
    </p>
   </div>
   <div class='ocr_carea' id='block_1_4' title="bbox 932 1588 3716 1977">
    <p class='ocr_par' dir='ltr' id='par_1_4' title="bbox 932 1588 3716 1977">
     <span class='ocr_line' id='line_1_8' title="bbox 1084 1588 3716 1697; baseline -0.001 -24"><span class='ocrx_word' id='word_1_63' title='bbox 1084 1596 1322 1673; x_wconf 78' lang='lat' dir='ltr'><strong>PARS</strong></span> <span class='ocrx_word' id='word_1_64' title='bbox 1376 1618 1443 1675; x_wconf 86' lang='lat'>1.</span> <span class='ocrx_word' id='word_1_65' title='bbox 1514 1592 1637 1673; x_wconf 86' lang='lat' dir='ltr'>Sit</span> <span class='ocrx_word' id='word_1_66' title='bbox 1676 1591 1891 1671; x_wconf 65' lang='lat' dir='ltr'>razio</span> <span class='ocrx_word' id='word_1_67' title='bbox 1940 1588 2634 1671; x_wconf 80' lang='lat' dir='ltr'><strong>incrementorum</strong></span> <span class='ocrx_word' id='word_1_68' title='bbox 2677 1592 2814 1671; x_wconf 89' lang='lat' dir='ltr'>BL</span> <span class='ocrx_word' id='word_1_69' title='bbox 2865 1594 3028 1671; x_wconf 90' lang='grc' dir='ltr'>ΒΜ</span> <span class='ocrx_word' id='word_1_70' title='bbox 3077 1590 3384 1697; x_wconf 75' lang='lat' dir='ltr'>semper</span> <span class='ocrx_word' id='word_1_71' title='bbox 3427 1592 3716 1672; x_wconf 78' lang='lat' dir='ltr'>eadem</span> 
     </span>
     <span class='ocr_line' id='line_1_9' title="bbox 936 1727 3714 1829; baseline -0.001 -18"><span class='ocrx_word' id='word_1_72' title='bbox 936 1730 1245 1811; x_wconf 78' lang='lat' dir='ltr'>rationi</span> <span class='ocrx_word' id='word_1_73' title='bbox 1291 1731 1368 1810; x_wconf 91' lang='grc' dir='ltr'>Ο</span> <span class='ocrx_word' id='word_1_74' title='bbox 1414 1730 1514 1809; x_wconf 87' lang='lat' dir='ltr'>ad</span> <span class='ocrx_word' id='word_1_75' title='bbox 1560 1732 1651 1829; x_wconf 88' lang='lat' dir='ltr'>P,</span> <span class='ocrx_word' id='word_1_76' title='bbox 1725 1728 1878 1807; x_wconf 85' lang='lat' dir='ltr'><strong>erit</strong></span> <span class='ocrx_word' id='word_1_77' title='bbox 1921 1727 2127 1807; x_wconf 86' lang='lat' dir='ltr'>ratio</span> <span class='ocrx_word' id='word_1_78' title='bbox 2172 1728 2656 1808; x_wconf 83' lang='lat' dir='ltr'><strong>incrementi</strong></span> <span class='ocrx_word' id='word_1_79' title='bbox 2696 1730 2934 1808; x_wconf 90' lang='lat' dir='ltr'>ALH</span> <span class='ocrx_word' id='word_1_80' title='bbox 2971 1730 3076 1811; x_wconf 83' lang='lat' dir='ltr'>ad</span> <span class='ocrx_word' id='word_1_81' title='bbox 3110 1728 3714 1809; x_wconf 83' lang='lat' dir='ltr'><strong>incrementum</strong></span> 
     </span>
     <span class='ocr_line' id='line_1_10' title="bbox 932 1866 3712 1977; baseline -0.002 -26"><span class='ocrx_word' id='word_1_82' title='bbox 932 1870 1101 1951; x_wconf 82' lang='lat' dir='ltr'>AN</span> <span class='ocrx_word' id='word_1_83' title='bbox 1170 1869 1480 1976; x_wconf 85' lang='lat' dir='ltr'>semper</span> <span class='ocrx_word' id='word_1_84' title='bbox 1524 1866 1788 1972; x_wconf 83' lang='lat' dir='ltr'>major</span> <span class='ocrx_word' id='word_1_85' title='bbox 1844 1866 2160 1947; x_wconf 83' lang='lat' dir='ltr'><strong>ratione</strong></span> <span class='ocrx_word' id='word_1_86' title='bbox 2209 1894 2463 1974; x_wconf 86' lang='lat' dir='ltr'><strong>quam</strong></span> <span class='ocrx_word' id='word_1_87' title='bbox 2533 1867 2856 1949; x_wconf 84' lang='lat' dir='ltr'>summa</span> <span class='ocrx_word' id='word_1_88' title='bbox 2903 1866 3356 1977; x_wconf 64' lang='lat' dir='ltr'>restanguli</span> <span class='ocrx_word' id='word_1_89' title='bbox 3413 1868 3522 1965; x_wconf 87' lang='lat' dir='ltr'>O,</span> <span class='ocrx_word' id='word_1_90' title='bbox 3569 1869 3712 1949; x_wconf 82' lang='lat' dir='ltr'>AB</span> 
     </span>
    </p>
   </div>
   <div class='ocr_carea' id='block_1_5' title="bbox 1377 2152 3270 3154">
    <p class='ocr_par' dir='ltr' id='par_1_5' title="bbox 1377 2152 3270 3154">
     <span class='ocr_line' id='line_1_11' title="bbox 1377 2152 3270 3154; baseline 0 0"><span class='ocrx_word' id='word_1_91' title='bbox 1377 2152 3270 3154; x_wconf 95' lang='lat' dir='ltr'> </span> 
     </span>
    </p>
   </div>
   <div class='ocr_carea' id='block_1_6' title="bbox 778 3368 3704 3481">
    <p class='ocr_par' dir='ltr' id='par_1_6' title="bbox 778 3368 3704 3481">
     <span class='ocr_line' id='line_1_12' title="bbox 778 3368 3704 3481; baseline 0 -28"><span class='ocrx_word' id='word_1_92' title='bbox 778 3400 781 3403; x_wconf 75' lang='grc'>’</span> <span class='ocrx_word' id='word_1_93' title='bbox 926 3394 1022 3453; x_wconf 76' lang='lat' dir='ltr'>et</span> <span class='ocrx_word' id='word_1_94' title='bbox 1061 3368 1308 3479; x_wconf 74' lang='lat' dir='ltr'>ipfius</span> <span class='ocrx_word' id='word_1_95' title='bbox 1344 3375 1431 3475; x_wconf 88' lang='lat' dir='ltr'>P,</span> <span class='ocrx_word' id='word_1_96' title='bbox 1482 3370 1617 3449; x_wconf 86' lang='lat' dir='ltr'>BC</span> <span class='ocrx_word' id='word_1_97' title='bbox 1661 3368 1913 3449; x_wconf 81' lang='lat' dir='ltr'>habet</span> <span class='ocrx_word' id='word_1_98' title='bbox 1940 3368 2057 3449; x_wconf 81' lang='lat' dir='ltr'>ad</span> <span class='ocrx_word' id='word_1_99' title='bbox 2089 3369 2660 3476; x_wconf 65' lang='lat' dir='ltr'>rodlangulum</span> <span class='ocrx_word' id='word_1_100' title='bbox 2687 3371 2800 3470; x_wconf 91' lang='lat' dir='ltr'>O,</span> <span class='ocrx_word' id='word_1_101' title='bbox 2838 3370 3024 3469; x_wconf 85' lang='lat' dir='ltr'>AE;</span> <span class='ocrx_word' id='word_1_102' title='bbox 3077 3368 3213 3450; x_wconf 89' lang='lat' dir='ltr'>sed</span> <span class='ocrx_word' id='word_1_103' title='bbox 3245 3369 3524 3455; x_wconf 85' lang='lat' dir='ltr'><strong>minor</strong></span> <span class='ocrx_word' id='word_1_104' title='bbox 3555 3402 3704 3481; x_wconf 79' lang='lat' dir='ltr'>po-</span> 
     </span>
    </p>
   </div>
   <div class='ocr_carea' id='block_1_7' title="bbox 930 3504 3704 4041">
    <p class='ocr_par' dir='ltr' id='par_1_7' title="bbox 930 3504 3704 4041">
     <span class='ocr_line' id='line_1_13' title="bbox 930 3504 3703 3621; baseline 0 -32"><span class='ocrx_word' id='word_1_105' title='bbox 930 3510 1087 3589; x_wconf 84' lang='lat' dir='ltr'>test</span> <span class='ocrx_word' id='word_1_106' title='bbox 1120 3509 1294 3589; x_wconf 85' lang='lat' dir='ltr'>fieri</span> <span class='ocrx_word' id='word_1_107' title='bbox 1336 3509 1652 3589; x_wconf 82' lang='lat' dir='ltr'>ratione</span> <span class='ocrx_word' id='word_1_108' title='bbox 1687 3532 2179 3613; x_wconf 78' lang='lat' dir='ltr'>quacunque</span> <span class='ocrx_word' id='word_1_109' title='bbox 2216 3532 2424 3611; x_wconf 87' lang='lat' dir='ltr'><strong>quae</strong></span> <span class='ocrx_word' id='word_1_110' title='bbox 2469 3504 2731 3611; x_wconf 88' lang='lat' dir='ltr'>major</span> <span class='ocrx_word' id='word_1_111' title='bbox 2767 3506 2876 3587; x_wconf 86' lang='lat' dir='ltr'>est</span> <span class='ocrx_word' id='word_1_112' title='bbox 2907 3508 3218 3588; x_wconf 69' lang='lat' dir='ltr'>ratione</span> <span class='ocrx_word' id='word_1_113' title='bbox 3251 3511 3703 3621; x_wconf 61' lang='lat' dir='ltr'>refianguli</span> 
     </span>
     <span class='ocr_line' id='line_1_14' title="bbox 930 3642 3704 3750; baseline 0.001 -24"><span class='ocrx_word' id='word_1_114' title='bbox 930 3649 1049 3746; x_wconf 88' lang='lat' dir='ltr'>O,</span> <span class='ocrx_word' id='word_1_115' title='bbox 1098 3647 1242 3726; x_wconf 87' lang='lat' dir='ltr'>AB</span> <span class='ocrx_word' id='word_1_116' title='bbox 1288 3672 1457 3724; x_wconf 81' lang='lat' dir='ltr'>una</span> <span class='ocrx_word' id='word_1_117' title='bbox 1500 3674 1696 3725; x_wconf 89' lang='lat' dir='ltr'>cum</span> <span class='ocrx_word' id='word_1_118' title='bbox 1740 3644 1911 3750; x_wconf 87' lang='lat' dir='ltr'>ipso</span> <span class='ocrx_word' id='word_1_119' title='bbox 1947 3647 2034 3744; x_wconf 90' lang='lat' dir='ltr'>P,</span> <span class='ocrx_word' id='word_1_120' title='bbox 2087 3644 2224 3723; x_wconf 91' lang='lat' dir='ltr'>BC</span> <span class='ocrx_word' id='word_1_121' title='bbox 2265 3643 2374 3723; x_wconf 86' lang='lat' dir='ltr'>ad</span> <span class='ocrx_word' id='word_1_122' title='bbox 2420 3642 2688 3749; x_wconf 87' lang='lat' dir='ltr'>ipsum</span> <span class='ocrx_word' id='word_1_123' title='bbox 2723 3646 2829 3745; x_wconf 88' lang='grc' dir='ltr'>Ο,</span> <span class='ocrx_word' id='word_1_124' title='bbox 2877 3648 3046 3729; x_wconf 85' lang='grc' dir='ltr'><strong>ΑΕ..</strong></span> <span class='ocrx_word' id='word_1_125' title='bbox 3145 3646 3320 3726; x_wconf 85' lang='lat' dir='ltr'>Fiat</span> <span class='ocrx_word' id='word_1_126' title='bbox 3353 3646 3578 3727; x_wconf 87' lang='lat' dir='ltr'><strong>enim</strong></span> <span class='ocrx_word' id='word_1_127' title='bbox 3613 3668 3704 3729; x_wconf 91' lang='lat' dir='ltr'>ut</span> 
     </span>
     <span class='ocr_line' id='line_1_15' title="bbox 940 3780 3704 3891; baseline 0.001 -28"><span class='ocrx_word' id='word_1_128' title='bbox 940 3786 1021 3863; x_wconf 93' lang='lat' dir='ltr'>O</span> <span class='ocrx_word' id='word_1_129' title='bbox 1070 3783 1176 3862; x_wconf 91' lang='lat' dir='ltr'>ad</span> <span class='ocrx_word' id='word_1_130' title='bbox 1219 3786 1278 3861; x_wconf 94' lang='lat' dir='ltr'><strong>P</strong></span> <span class='ocrx_word' id='word_1_131' title='bbox 1322 3781 1439 3861; x_wconf 83' lang='lat' dir='ltr'>ita</span> <span class='ocrx_word' id='word_1_132' title='bbox 1482 3784 1617 3863; x_wconf 89' lang='lat' dir='ltr'>BC</span> <span class='ocrx_word' id='word_1_133' title='bbox 1644 3781 1757 3861; x_wconf 86' lang='lat' dir='ltr'>-ad</span> <span class='ocrx_word' id='word_1_134' title='bbox 1799 3782 2003 3887; x_wconf 80' lang='lat' dir='ltr'>AQ3</span> <span class='ocrx_word' id='word_1_135' title='bbox 2081 3802 2158 3862; x_wconf 88' lang='lat' dir='ltr'>et</span> <span class='ocrx_word' id='word_1_136' title='bbox 2207 3780 2604 3887; x_wconf 84' lang='lat' dir='ltr'>quoniam</span> <span class='ocrx_word' id='word_1_137' title='bbox 2651 3809 2746 3862; x_wconf 85' lang='lat' dir='ltr'>ex</span> <span class='ocrx_word' id='word_1_138' title='bbox 2790 3782 3210 3891; x_wconf 85' lang='lat' dir='ltr'>hypothefi</span> <span class='ocrx_word' id='word_1_139' title='bbox 3257 3786 3368 3864; x_wconf 87' lang='lat' dir='ltr'>est</span> <span class='ocrx_word' id='word_1_140' title='bbox 3416 3787 3551 3865; x_wconf 92' lang='lat' dir='ltr'>BL</span> <span class='ocrx_word' id='word_1_141' title='bbox 3601 3786 3704 3867; x_wconf 85' lang='lat' dir='ltr'>ad</span> 
     </span>
     <span class='ocr_line' id='line_1_16' title="bbox 938 3917 3702 4041; baseline 0.001 -40"><span class='ocrx_word' id='word_1_142' title='bbox 938 3920 1137 4021; x_wconf 86' lang='grc' dir='ltr'>ΒΜ,</span> <span class='ocrx_word' id='word_1_143' title='bbox 1186 3941 1282 4001; x_wconf 89' lang='lat' dir='ltr'>ut</span> <span class='ocrx_word' id='word_1_144' title='bbox 1316 3922 1392 4001; x_wconf 92' lang='lat' dir='ltr'>O</span> <span class='ocrx_word' id='word_1_145' title='bbox 1435 3920 1543 4000; x_wconf 80' lang='lat' dir='ltr'>ad</span> <span class='ocrx_word' id='word_1_146' title='bbox 1580 3923 1666 4021; x_wconf 91' lang='lat' dir='ltr'>P,</span> <span class='ocrx_word' id='word_1_147' title='bbox 1708 3919 1857 3999; x_wconf 84' lang='lat' dir='ltr'>erit</span> <span class='ocrx_word' id='word_1_148' title='bbox 1893 3920 2026 3999; x_wconf 93' lang='lat' dir='ltr'>BL</span> <span class='ocrx_word' id='word_1_149' title='bbox 2061 3917 2220 3999; x_wconf 87' lang='lat' dir='ltr'>five</span> <span class='ocrx_word' id='word_1_150' title='bbox 2254 3920 2414 3999; x_wconf 91' lang='lat' dir='ltr'>AG</span> <span class='ocrx_word' id='word_1_151' title='bbox 2452 3919 2558 3999; x_wconf 88' lang='lat' dir='ltr'>ad</span> <span class='ocrx_word' id='word_1_152' title='bbox 2593 3920 2758 3999; x_wconf 90' lang='grc' dir='ltr'>ΒΜ</span> <span class='ocrx_word' id='word_1_153' title='bbox 2795 3942 2890 4001; x_wconf 90' lang='lat' dir='ltr'>ut</span> <span class='ocrx_word' id='word_1_154' title='bbox 2925 3924 3058 4001; x_wconf 87' lang='lat' dir='ltr'>BC</span> <span class='ocrx_word' id='word_1_155' title='bbox 3105 3921 3210 4003; x_wconf 74' lang='lat' dir='ltr'>ad</span> <span class='ocrx_word' id='word_1_156' title='bbox 3253 3922 3473 4041; x_wconf 79' lang='lat' dir='ltr'>AQ</span> <span class='ocrx_word' id='word_1_157' title='bbox 3543 3923 3702 4031; x_wconf 84' lang='lat' dir='ltr'>igi-</span> 
     </span>
    </p>
   </div>
   <div class='ocr_carea' id='block_1_8' title="bbox 934 4054 3700 4170">
    <p class='ocr_par' dir='ltr' id='par_1_8' title="bbox 934 4054 3700 4170">
     <span class='ocr_line' id='line_1_17' title="bbox 934 4054 3700 4170; baseline 0.001 -31"><span class='ocrx_word' id='word_1_158' title='bbox 934 4078 1078 4140; x_wconf 82' lang='lat' dir='ltr'>tur</span> <span class='ocrx_word' id='word_1_159' title='bbox 1121 4059 1691 4169; x_wconf 63' lang='lat' dir='ltr'><strong>rediangulum</strong></span> <span class='ocrx_word' id='word_1_160' title='bbox 1720 4056 1892 4170; x_wconf 72' lang='lat' dir='ltr'>Q}</span> <span class='ocrx_word' id='word_1_161' title='bbox 1930 4055 2262 4165; x_wconf 85' lang='lat' dir='ltr'>aequale</span> <span class='ocrx_word' id='word_1_162' title='bbox 2287 4055 2398 4137; x_wconf 87' lang='lat' dir='ltr'>est</span> <span class='ocrx_word' id='word_1_163' title='bbox 2433 4054 2577 4163; x_wconf 85' lang='lat' dir='ltr'>ipfi</span> <span class='ocrx_word' id='word_1_164' title='bbox 2611 4058 2798 4157; x_wconf 92' lang='lat' dir='ltr'>BH,</span> <span class='ocrx_word' id='word_1_165' title='bbox 2841 4058 3289 4165; x_wconf 82' lang='lat' dir='ltr'>additoque</span> <span class='ocrx_word' id='word_1_166' title='bbox 3319 4088 3700 4145; x_wconf 81' lang='lat' dir='ltr'>commu-</span> 
     </span>
    </p>
   </div>
   <div class='ocr_carea' id='block_1_9' title="bbox 774 4193 3702 4307">
    <p class='ocr_par' dir='ltr' id='par_1_9' title="bbox 774 4193 3702 4307">
     <span class='ocr_line' id='line_1_18' title="bbox 774 4193 3702 4307; baseline 0 -33"><span class='ocrx_word' id='word_1_167' title='bbox 774 4222 779 4229; x_wconf 90' lang='lat'>·</span> <span class='ocrx_word' id='word_1_168' title='bbox 934 4196 1031 4275; x_wconf 83' lang='lat' dir='ltr'>ni</span> <span class='ocrx_word' id='word_1_169' title='bbox 1074 4197 1261 4298; x_wconf 91' lang='lat' dir='ltr'>AK,</span> <span class='ocrx_word' id='word_1_170' title='bbox 1310 4197 1465 4279; x_wconf 84' lang='lat' dir='ltr'>erit</span> <span class='ocrx_word' id='word_1_171' title='bbox 1497 4197 2068 4303; x_wconf 67' lang='lat' dir='ltr'>restangulum</span> <span class='ocrx_word' id='word_1_172' title='bbox 2115 4193 2277 4307; x_wconf 68' lang='lat' dir='ltr'>Q</span> <span class='ocrx_word' id='word_1_173' title='bbox 2313 4195 2646 4302; x_wconf 83' lang='lat' dir='ltr'>aequale</span> <span class='ocrx_word' id='word_1_174' title='bbox 2680 4195 2932 4303; x_wconf 85' lang='lat' dir='ltr'>spatio</span> <span class='ocrx_word' id='word_1_175' title='bbox 2965 4198 3240 4279; x_wconf 88' lang='lat' dir='ltr'>ALH:</span> <span class='ocrx_word' id='word_1_176' title='bbox 3293 4197 3502 4283; x_wconf 83' lang='lat' dir='ltr'>ratio</span> <span class='ocrx_word' id='word_1_177' title='bbox 3539 4197 3702 4307; x_wconf 86' lang='lat' dir='ltr'>igi-</span> 
     </span>
    </p>
   </div>
   <div class='ocr_carea' id='block_1_10' title="bbox 924 4332 3698 4590">
    <p class='ocr_par' dir='ltr' id='par_1_10' title="bbox 924 4332 3698 4590">
     <span class='ocr_line' id='line_1_19' title="bbox 929 4332 3698 4443; baseline 0.001 -28"><span class='ocrx_word' id='word_1_178' title='bbox 929 4354 1076 4415; x_wconf 79' lang='lat' dir='ltr'>tur</span> <span class='ocrx_word' id='word_1_179' title='bbox 1108 4333 1345 4443; x_wconf 84' lang='lat' dir='ltr'>spatii</span> <span class='ocrx_word' id='word_1_180' title='bbox 1378 4334 1617 4415; x_wconf 88' lang='lat' dir='ltr'>ALH</span> <span class='ocrx_word' id='word_1_181' title='bbox 1652 4333 1759 4413; x_wconf 91' lang='lat' dir='ltr'>ad</span> <span class='ocrx_word' id='word_1_182' title='bbox 1790 4332 2362 4441; x_wconf 61' lang='lat' dir='ltr'><strong>redtangulum</strong></span> <span class='ocrx_word' id='word_1_183' title='bbox 2395 4334 2552 4415; x_wconf 93' lang='lat' dir='ltr'>AN</span> <span class='ocrx_word' id='word_1_184' title='bbox 2587 4334 2867 4415; x_wconf 82' lang='lat' dir='ltr'>eadem</span> <span class='ocrx_word' id='word_1_185' title='bbox 2901 4336 3014 4417; x_wconf 87' lang='lat' dir='ltr'>est</span> <span class='ocrx_word' id='word_1_186' title='bbox 3047 4334 3346 4417; x_wconf 79' lang='lat' dir='ltr'>rationi</span> <span class='ocrx_word' id='word_1_187' title='bbox 3381 4338 3698 4421; x_wconf 62' lang='lat' dir='ltr'>restan-</span> 
     </span>
     <span class='ocr_line' id='line_1_20' title="bbox 924 4468 3697 4590; baseline 0.004 -37"><span class='ocrx_word' id='word_1_188' title='bbox 924 4471 1117 4583; x_wconf 81' lang='lat' dir='ltr'>guli</span> <span class='ocrx_word' id='word_1_189' title='bbox 1162 4471 1327 4589; x_wconf 71' lang='lat' dir='ltr'>Q&lt;</span> <span class='ocrx_word' id='word_1_190' title='bbox 1370 4470 1475 4556; x_wconf 85' lang='lat' dir='ltr'>ad</span> <span class='ocrx_word' id='word_1_191' title='bbox 1520 4469 1791 4579; x_wconf 87' lang='lat' dir='ltr'>ipsum</span> <span class='ocrx_word' id='word_1_192' title='bbox 1828 4472 2017 4573; x_wconf 83' lang='lat' dir='ltr'>AN,</span> <span class='ocrx_word' id='word_1_193' title='bbox 2067 4470 2222 4555; x_wconf 86' lang='lat' dir='ltr'>hoc</span> <span class='ocrx_word' id='word_1_194' title='bbox 2259 4468 2372 4551; x_wconf 82' lang='lat' dir='ltr'>est</span> <span class='ocrx_word' id='word_1_195' title='bbox 2413 4470 2714 4558; x_wconf 74' lang='lat' dir='ltr'>rationi</span> <span class='ocrx_word' id='word_1_196' title='bbox 2758 4474 3018 4590; x_wconf 49' lang='lat' dir='ltr'>restae</span> <span class='ocrx_word' id='word_1_197' title='bbox 3063 4472 3244 4587; x_wconf 79' lang='lat' dir='ltr'>QVI</span> <span class='ocrx_word' id='word_1_198' title='bbox 3291 4473 3396 4560; x_wconf 75' lang='lat' dir='ltr'>ad</span> <span class='ocrx_word' id='word_1_199' title='bbox 3443 4472 3697 4580; x_wconf 70' lang='lat' dir='ltr'>ipsaen</span> 
     </span>
    </p>
   </div>
   <div class='ocr_carea' id='block_1_11' title="bbox 4081 136 4086 900">
    <p class='ocr_par' dir='ltr' id='par_1_11' title="bbox 4081 136 4086 900">
     <span class='ocr_line' id='line_1_21' title="bbox 4081 136 4086 900; baseline 0 0"><span class='ocrx_word' id='word_1_200' title='bbox 4081 136 4086 900; x_wconf 95' lang='lat' dir='ltr'> </span> 
     </span>
    </p>
   </div>
   <div class='ocr_carea' id='block_1_12' title="bbox 4081 1196 4085 3091">
    <p class='ocr_par' dir='ltr' id='par_1_12' title="bbox 4081 1196 4085 3091">
     <span class='ocr_line' id='line_1_22' title="bbox 4081 1196 4085 3091; baseline 0 0"><span class='ocrx_word' id='word_1_201' title='bbox 4081 1196 4085 3091; x_wconf 95' lang='lat' dir='ltr'> </span> 
     </span>
    </p>
   </div>
   <div class='ocr_carea' id='block_1_13' title="bbox 4081 4194 4085 5457">
    <p class='ocr_par' dir='ltr' id='par_1_13' title="bbox 4081 4194 4085 5457">
     <span class='ocr_line' id='line_1_23' title="bbox 4081 4194 4085 5457; baseline 0 0"><span class='ocrx_word' id='word_1_202' title='bbox 4081 4194 4085 5457; x_wconf 95' lang='lat' dir='ltr'> </span> 
     </span>
    </p>
   </div>
  </div>
 </body>
</html>
