4109 5609
1066 416 1299 501 ‘DE
1400 412 2544 499 LOGARITHMla
3103 440 3204 525 ας

1435 691 1930 772 PROP.
2069 692 2216 772 XI„

442 920 515 959 '⁸‘
566 912 671 993 SI
734 910 1161 991 sumantur
1208 939 1255 988 a
1303 910 1608 1015 pumsto
1656 907 1721 987 E
1766 908 2238 1018 logarithmi
2299 909 2656 989 duorum
2715 912 3198 1017 quorumvis

444 1056 517 1096 “
566 1074 1125 1147 numerorum,
1162 1067 1258 1128 ut
1294 1074 1577 1127 eorum
1612 1045 1757 1153 qui
1794 1045 2031 1126 locati
2069 1046 2256 1127 sunt
2291 1045 2395 1126 ad
2430 1047 2732 1152 punsta
2767 1049 2948 1147 B,c
2987 1042 3198 1157 (qui,

452 1178 515 1231 u
564 1181 981 1265 brevitatis
1042 1182 1331 1292 gratia,
1397 1181 1487 1262 in
1546 1182 2068 1290 sequentibus
2117 1204 2506 1263 vocentur
2549 1185 2872 1265 numeri
2917 1188 3014 1287 B,
3063 1186 3194 1299 C‚)

444 1328 513 1367 “
562 1322 707 1429 qui
766 1319 1237 1429 logarithmi
1292 1317 1447 1401 fint
1494 1322 1647 1419 EF,
1700 1318 1894 1418 EG3
1968 1318 2347 1400 distantia
2393 1320 2537 1399 GF
2583 1318 2798 1403 inter
2839 1321 3201 1431 ipsorum

446 1464 513 1503 “
561 1458 949 1539 terminos
984 1458 1136 1539 erit
1170 1452 1709 1567 logarithmus
1745 1456 2080 1539 rationis
2127 1456 2450 1537 numeri
2498 1458 2561 1537 B
2605 1457 2712 1537 ad
2749 1486 3202 1545 numerum

443 1602 513 1640 ⁴ss
562 1592 706 1680 (20⁹,

586 1870 787 1953 clas.
836 1894 905 1953 1.
953 1865 1311 1983 Qando
1344 1888 1685 1975 uterque
1720 1894 2108 1949 numerus
2148 1866 2258 1948 est
2293 1868 2554 1975 major
2583 1870 2924 1954 unitate.

581 2007 765 2089 Sint
794 2003 1119 2087 numeri
1154 2007 1247 2106 B,
1286 2006 1383 2106 C,
1423 2026 1502 2085 et
1535 2003 1895 2111 ipsorum
1930 2004 2406 2115 logarithmi
2441 2008 2594 2109 EF,
2632 2007 2828 2107 EG;
2885 2028 2964 2087 et
2999 2034 3204 2117 quo-

432 2144 671 2225 niam
708 2142 917 2225 ratio
950 2143 1273 2223 numeri
1309 2145 1373 2221 Β
1409 2142 1514 2221 ad
1548 2169 1987 2222 numerum
2022 2144 2090 2221 C
2125 2141 2558 2247 composita
2593 2144 2704 2225 est
2748 2171 2842 2225 ex
2887 2144 3202 2227 ratione

446 2282 515 2359 B
560 2282 667 2361 ad
710 2304 1179 2381 numerum,
1240 2276 1399 2359 five
1442 2278 1869 2377 unitatem,
1934 2300 2013 2359 et
2058 2280 2369 2359 ratione
2411 2283 2492 2359 A
2536 2280 2641 2359 ad
2686 2283 2780 2383 C,
2845 2308 3202 2390 quarum

431 2419 715 2525 prima
776 2418 887 2497 est
944 2416 1153 2497 ratio
1221 2416 1547 2523 majoris
1621 2417 1725 2496 ad

378 2580 389 2585 ·
446 2554 883 2653 minorem,
910 2552 1222 2661 reliqua
1243 2580 1432 2633 vero
1456 2554 1565 2632 est
1591 2580 1723 2631 ra·
1782 2588 1789 2597 ·
1930 2606 1946 2619 »
2285 2532 2362 2609 Α
2653 2531 2720 2610 C
3133 2530 3200 2613 Β

434 2693 565 2772 tio
600 2690 941 2771 minoris
990 2692 1094 2771 ad
1130 2687 1565 2796 majorem3
1636 2715 1721 2769 e·-
1877 2664 3203 2707 ....-..-.-.2.-....................—-...

438 2826 555 2909 rit
580 2827 1118 2935 logarithmus
1155 2826 1487 2906 rationis
1524 2828 1587 2904 B
1623 2826 1727 2905 ad
1888 2796 1955 2873 E
2233 2796 2315 2917 G
2732 2796 2792 2879 F

450 2967 544 3064 C,
590 2992 729 3070 per
764 2965 947 3046 Cor.
983 2966 1215 3068 Prop.
1254 2988 1331 3067 5.
1380 2964 1505 3043 vel
1542 2965 1725 3045 Cor.
1865 2932 2780 2972 ..............2......-........

454 3105 684 3205 Prop.
729 3102 802 3182 8.
851 3097 1205 3206 aequalis
1243 3094 1578 3181 exceffui
1610 3096 2084 3207 logarithmi
2115 3098 2452 3181 rationis
2488 3100 2555 3177 B
2590 3101 2697 3181 ad
2728 3103 2836 3202 A,
2897 3098 3056 3182 hoc
3091 3098 3203 3183 est

427 3236 921 3347 -logarithmi
957 3234 1279 3316 numeri
1313 3238 1377 3315 B
1414 3236 1651 3343 supra
1685 3216 2275 3344 logarithmurh
2311 3235 2644 3318 rationis
2668 3235 2875 3317 Aad
2901 3239 2996 3338 C,
3039 3236 3196 3320 hoc

425 3376 559 3457 ·est
594 3374 831 3479 supra
864 3372 1451 3483 logarithmum
1486 3373 1809 3452 numeri
1844 3374 1949 3470 (ξς
2023 3372 2134 3451 est
2167 3393 2442 3453 autem
2489 3375 2614 3453 EF
2658 3373 3230 3483 logarithmus

450 3510 775 3592 numeri
820 3512 915 3611 B,
964 3532 1043 3591 et
1090 3510 1237 3589 EG
1288 3509 1827 3619 legarithmus
1875 3506 2115 3613 ipfius
2163 3512 2258 3609 C,
2321 3510 2465 3587 GF
2510 3535 2700 3591 vero
2745 3508 2858 3591 est
2899 3510 3202 3593 horum

438 3646 823 3748 -excefl'us,
862 3646 1007 3755 qui
1045 3668 1461 3754 propterea
1494 3647 1604 3727 est
1638 3646 2175 3754 logarithmns
2212 3644 2547 3729 rationis
2583 3649 2650 3727 B
2687 3648 2795 3730 ad
2827 3649 2922 3733 C.

586 3920 789 4001 CAs.
833 3946 909 4005 2.
1042 3918 1313 4001 nando
1347 3920 1547 3999 alter
1580 3944 1967 3997 numerus
2002 3916 2265 4024 major
2297 3917 2408 3999 est
2449 3919 2794 4027 unitate,
2840 3917 3202 4033 reliquus

417 4084 642 4137 -vero
680 4054 978 4142 minor.

418 4242 427 4251 ·
588 4192 712 4275 Sit
744 4220 1135 4275 numerus
1172 4194 1237 4273 B
1274 4190 1536 4300 major
1562 4190 1907 4294 unitate,
1970 4216 2362 4277 numerus
2395 4220 2587 4277 vero
2620 4196 2702 4279 D
2735 4194 2842 4277 ad
2875 4217 3204 4281 contra-

414 4328 612 4413 ·rias
649 4352 913 4437 partes
944 4327 1189 4438 ipfius
1222 4332 1331 4430 A,
1377 4328 1652 4409 minor
1679 4326 1776 4410 fit
1806 4327 2162 4431 unitate;
2235 4348 2318 4412 et
2359 4330 2756 4443 quoniam
2799 4330 3008 4414 ratio
3042 4354 3208 4415 nu-

420 4468 659 4549 -meri
693 4468 761 4549 B
796 4464 1207 4576 adipsum
1228 4467 1310 4550 D
1344 4463 1773 4576 compofita
1808 4467 1919 4549 est
1954 4492 2051 4549 ex
2081 4464 2394 4552 ratione
2426 4470 2494 4551 B
2529 4472 2636 4555 ad
2668 4472 2774 4574 A,
2793 4500 2800 4505 ·
2819 4466 2978 4553 five
3009 4468 3210 4552 uni·

1007 4601 1015 4610 ’
1790 4604 1871 4684 D
