4109 5609
925 381 1132 512 500]
1548 397 1737 482 DE
1827 393 3089 486 PORl‘SMATIBU&

1843 617 1906 694 P
1971 617 2045 728 R
2117 617 2193 694 o
2260 617 2378 697 P:
2480 615 2739 698 [ΧΠ.

987 818 1124 900 Est
1156 815 1359 900 haec
1390 817 1612 902 casus
1649 817 2107 898 Porifinatis
2143 817 2565 927 generalis,
2613 817 2891 900 ultimi
2926 818 3223 903 scilicet
3254 817 3488 940 Libri
3526 848 3606 928 3.

1809 955 2346 1034 Porismatum
2380 954 2768 1039 Euclidis.
2865 975 2893 984 “

921 1163 980 1202 “
1027 1159 1118 1240 SI
1154 1189 1202 1240 a
1236 1161 1428 1241 dato
1463 1161 1770 1266 punsto
1805 1160 1910 1238 ad
1947 1160 2347 1240 circulum
2385 1157 2770 1266 pofitione
2813 1161 3104 1240 datum
3148 1159 3501 1240 ducatur
3534 1182 3668 1246 ut·-

919 1301 978 1340 “
1028 1323 1355 1404 cunque
1406 1299 1628 1378 resta
1685 1297 1924 1396 linea,
1989 1295 2093 1375 ab
2145 1297 2399 1376 altero
2438 1325 2629 1378 vero
2675 1299 3179 1403 punctorum
3219 1297 3311 1376 in
3359 1297 3679 1405 quibus

919 1436 982 1475 “
1029 1433 1723 1516 circumferentiae
1769 1431 2147 1532 occurrit,
2208 1435 2558 1512 ducatur
2598 1435 2817 1516 recta
2864 1433 3238 1540 parallela
3284 1431 3681 1539 pofitione

919 1573 978 1659 ‘,‘
1027 1569 1288 1672 datae,
1329 1593 1408 1650 et
1442 1599 1490 1649 a
1524 1571 1831 1675 puncto
1879 1569 1968 1646 in
2015 1571 2321 1674 quibus
2366 1571 2633 1676 prima
2676 1571 2925 1651 ducta
2968 1570 3673 1651 circumferentiae

917 1711 977 1748 ‘⁶
1025 1706 1294 1788 rursus
1331 1707 1710 1804 occurrit,
1777 1705 1876 1784 ad
1916 1708 2318 1809 punctum
2364 1706 2454 1785 in
2501 1707 2805 1814 quibus
2841 1709 3087 1788 altera
3120 1707 3369 1788 duaa
3404 1706 3675 1788 eidem

918 1846 976 1886 “
1025 1843 1300 1922 rursus
1360 1843 1712 1924 occurrit
1773 1842 2121 1923 ducatur
2177 1844 2395 1923 recia
2452 1842 2705 1941 linea3
2780 1845 2907 1922 vel
2968 1864 3243 1951 verget
3302 1843 3503 1924 haec
3568 1845 3669 1924 ad

916 1983 976 2022 “
1026 1982 1431 2084 punctum
1466 1980 1784 2077 datum,
1825 1979 1947 2058 vel
1976 1979 2425 2062 continebit
2460 1980 2750 2062 datum
2786 1965 3187 2090 angulum
3222 2007 3420 2076 cum
3454 1983 3671 2062 recia

915 2121 973 2160 ‘⁶
1026 2145 1234 2223 quae
1269 2117 1372 2198 ad
1407 2117 1697 2198 datum
1731 2117 2137 2220 punctum
2170 2113 2507 2225 vergit.'’

947 2443 958 2454 ·
1049 2391 1279 2470 PARS
1333 2416 1400 2472 1.
1461 2387 1819 2502 Qando
1853 2390 2068 2468 red'ta
2091 2387 2450 2496 jungens
2485 2387 3079 2472 interfectiones
3114 2389 3557 2474 ductarum
3588 2412 3663 2471 et

914 2523 1604 2612 circumferentiae
1639 2524 1898 2633 vergit
1934 2526 2037 2603 ad
2077 2528 2479 2630 punctum
2518 2526 2841 2607 datum.

1037 2659 1167 2741 -Sit
1201 2665 1602 2768 punctum
1638 2662 1704 2740 E
1740 2662 2058 2761 datum,
2124 2683 2200 2740 et
2236 2661 2340 2756 ab
2378 2689 2475 2740 eo
2507 2663 2611 2740 ad
2647 2663 3049 2744 circulum
3084 2662 3475 2768 pofitione
3519 2665 3660 2744 da·-

909 2818 1094 2876 tum
1131 2801 1340 2880 BCD
1375 2800 1722 2880 ducatur
1753 2819 2172 2903 utcunque
2206 2800 2421 2878 recta
2456 2801 2699 2898 EFH,
2764 2820 2841 2878 et
2878 2800 2983 2878 ab
3022 2800 3269 2880 altero
3315 2804 3682 2906 puncto--

909 2960 1099 3014 rum
1158 2937 1249 3017 in
1309 2936 1610 3043 quibus
1661 2934 2353 3014 circumferentiae
2400 2936 2779 3034 occurrit,
2852 2957 3049 3040 puta
3097 2965 3145 3015 a
3190 2939 3501 3042 puncto
3544 2939 3659 3036 H,

745 3181 752 3186 Ι
907 3073 1256 3156 ducatur
1289 3075 1504 3154 recta
1539 3071 1712 3150 HG
1751 3071 2125 3175 parallela
2170 3068 2555 3174 pofitione
2600 3071 2865 3170 datae,
2926 3094 3459 3180 occur-ratque
3504 3075 3671 3156 cir-.

909 3211 1486 3290 cumferentiae
1521 3208 1792 3288 rursus
1829 3207 1920 3286 in
1945 3207 2062 3306 G,
2098 3229 2176 3285 et
2199 3207 2600 3314 jungatur
2632 3209 2773 3288 FG
2791 3239 2815 3300 ;
2864 3230 3139 3317 verget
3174 3211 3345 3310 FG,
3375 3237 3473 3290 ex
3506 3211 3657 3318 hy-

733 3407 742 3415 .
909 3346 1244 3452 pothefi,
1295 3348 1398 3426 ad
1433 3345 1724 3424 datum
1761 3345 2205 3448 pt1nc³tum3
2256 3342 2351 3422 fit
2385 3347 2788 3449 punctum
2822 3343 2977 3424 hoc
3014 3348 3117 3446 A,
3160 3367 3238 3426 et
3275 3375 3325 3426 a
3356 3347 3659 3453 punc-'to

909 3488 965 3564 F
1000 3486 1348 3566 ducatur
1381 3483 1518 3563 FK
1556 3480 1928 3585 parallela
1976 3477 2359 3584 positione
2396 3480 2656 3580 datae,
2709 3501 2788 3561 et
2822 3502 3237 3586 propterea
3271 3482 3417 3588 ipfi
3454 3484 3651 3584 HG,

908 3641 1438 3724 occurratque
1473 3615 1744 3696 rursus
1781 3615 2473 3697 circumferentiae
2520 3617 2609 3696 in
2646 3620 2749 3698 K.
2854 3618 3281 3730 Q'cmiam
3320 3620 3579 3728 igitur
3610 3650 3659 3720 a

908 3758 1215 3864 puncto
1249 3756 1316 3833 E
1352 3754 1596 3838 ducta
1631 3751 1740 3830 est
1773 3751 1879 3831 ad
1913 3752 2651 3832 circumferentiam
2685 3755 2898 3834 recta
2926 3755 3169 3854 EFH,
3209 3777 3289 3834 et
3320 3785 3370 3834 a
3405 3785 3651 3863 punc·

905 3915 998 3974 to
1031 3895 1088 3972 F
1123 3893 1370 3972 ducta
1404 3891 1513 3970 est
1549 3893 1686 3970 FK
1721 3889 2092 3995 parallela
2131 3887 2516 3995 pofitione
2538 3889 2798 3989 datae,
2821 3889 3113 3995 'juncta
3138 3893 3339 3992 HK,
3374 3920 3471 3972 ex
3504 3893 3647 4000 hy-

907 4027 1240 4141 pothefi,
1279 4025 1647 4110 tranfibit
1681 4053 1824 4132 per
1856 4028 2261 4131 punctum
2291 4029 2392 4108 A.
2462 4025 2795 4125 Rursus,
2835 4027 3231 4133 quoniam
3266 4056 3315 4106 a
3350 4031 3653 4134 puncto

910 4173 975 4248 E
1011 4170 1256 4248 ducta
1292 4167 1403 4246 est
1437 4169 1580 4246 ΕΚ
1615 4163 1721 4243 ad
1754 4162 2521 4261 circumferentiam,
2586 4183 2663 4241 et
2709 4163 2821 4242 est
2856 4165 2991 4242 KF
3036 4165 3413 4268 parallela
3447 4164 3649 4271 pofi-

907 4307 1128 4385 tione
1161 4287 1423 4400 datae,
1473 4304 1688 4382 recta
1723 4327 1931 4405 quae
1951 4296 2233 4406 jungit
2281 4301 2683 4403 punctum
2730 4301 2787 4378 F
2834 4320 2911 4379 et
2955 4300 3354 4406 reliquam
3399 4300 3648 4381 intet-
3752 4326 3761 4332 ·

909 4443 1339 4526 sectionem
1372 4437 1612 4546 ipfius
1651 4438 1796 4517 EK
1831 4459 1908 4516 et
1935 4435 2629 4517 circumferentiae
2660 4435 3059 4537 transibit,
3084 4465 3177 4518 ex
3201 4436 3651 4544 hypothefi,
