4109 5609
1110 385 1299 468 DE
1397 381 2616 472 PORISMATIBUS.
3081 413 3249 504 349

482 617 539 658 “
588 607 977 718 pofitione
1033 607 1367 704 datam;
1455 605 1705 688 etiam
1758 605 1917 688 hoc
1977 625 2261 716 tanget
2305 609 2614 690 rechin
2658 605 3048 716 pofitione
3093 611 3244 694 da-

482 755 537 796 “
586 745 833 830 tam.”
938 749 1123 825 Hoc
1162 764 1439 825 autem
1472 744 1575 824 de
1610 766 1967 852 quatuor
1999 765 2332 826 tantum
2365 746 2602 828 rectis
2648 747 2980 851 dicitur,
3031 777 3244 858 qua-

446 917 661 986 ‘rum
694 913 865 966 non
901 886 1171 991 plur'es
1208 909 1465 990 quam
1498 882 1709 962 duae
1742 909 1885 989 per
1916 881 2141 962 idem
2177 886 2581 989 pumstum
2615 886 3058 971 transeunt.
3143 891 3242 971 In

478 1025 839 1134 quolibet
872 1049 1063 1102 vero
1098 1018 1501 1128 propofito
1536 1022 1943 1121 &aarum
1976 1049 2324 1102 numero
2359 1022 2814 1132 ignoratur,
2855 1027 3236 1132 quamvis

475 1193 655 1246 vera
688 1160 787 1242 fit
818 1159 1291 1268 hujusmodi
1328 1156 1788 1267 propofitio,
1828 1159 1989 1244 viz·

606 1306 664 1346 “
692 1298 779 1381 Si
812 1318 1345 1406 quotcunque
1377 1301 1638 1380 restae
1662 1321 2094 1380 occurrant
2117 1297 2330 1380 inter
2353 1299 2460 1400 se,
2489 1325 2638 1382 nec
2675 1299 2944 1406 plures
2973 1329 3232 1410 quam

472 1445 529 1489 “
576 1440 785 1520 duae
820 1465 961 1544 per
993 1435 1217 1518 idem
1264 1439 1711 1542 punGtunn
1784 1436 1975 1518 data
2020 1465 2212 1520 vero
2255 1435 2414 1524 fint
2459 1441 2764 1544 punsta
2811 1439 3093 1521 omnia
3139 1440 3230 1522 in

472 1585 528 1622 “
578 1605 861 1660 earum
892 1603 1093 1674 una,
1134 1573 1787 1683 unumquodque
1825 1595 2102 1658 autem
2147 1576 2555 1682 punstum
2601 1578 2692 1656 in
2740 1578 2898 1658 alia
2943 1599 3234 1689 tangat

374 1783 387 1800 ,
476 1723 531 1780 9‘
578 1721 885 1798 refiam
919 1710 1309 1821 positione
1342 1709 1697 1796 datam.”
1750 1713 1907 1793 Vel
1942 1713 2398 1821 generalius
2432 1711 2564 1800 fic.
2606 1719 2664 1758 “
2691 1715 2777 1797 Si
2815 1739 3230 1823 quotcun-

475 1862 531 1902 “
578 1883 737 1964 que
771 1855 1031 1934 reelae
1064 1873 1495 1932 occurrant
1528 1851 1739 1931 inter
1774 1851 1881 1950 se,
1930 1877 2196 1958 neque
2228 1849 2386 1932 fint
2421 1853 2692 1960 plures
2729 1883 2984 1962 quam
3019 1854 3238 1936 duae

472 2000 528 2052 §⁶
576 2023 715 2101 per
748 1991 968 2072 idem
992 1990 1427 2097 punstum,
1464 1988 1747 2068 omnia
1772 2015 1963 2068 vero
1987 1991 2292 2094 punsta
2331 1986 3038 2099 [interseffionum
3070 1993 3228 2074 sci·-

472 2139 527 2178 “
574 2127 803 2238 licet]
840 2129 931 2209 in
965 2153 1247 2208 earum
1282 2126 1451 2206 unzi
1484 2125 1673 2206 data
1696 2123 1894 2226 smt3
1934 2126 2442 2234 reliquorum
2467 2158 2860 2212 numerus
2889 2131 3040 2211 erit
3065 2159 3230 2214 nu·-

470 2277 527 2316 “
572 2297 845 2350 merus
878 2263 1431 2374 triangularis,
1481 2264 1713 2372 cujus
1751 2265 1965 2346 latus
2012 2264 2338 2348 exhibet
2383 2295 2826 2349 numerum
2871 2273 3228 2377 puntsto-

468 2415 525 2454 “
570 2435 761 2489 rum
804 2407 1113 2488 reikam
1156 2400 1543 2511 positione
1586 2403 1869 2484 datam
1912 2403 2488 2512 tangentium3
2563 2435 2921 2514 quarum
2965 2406 3226 2492 interss

468 2553 525 2592 “
571 2545 1019 2630 sefflonum
1064 2539 1125 2622 fi
1156 2542 1428 2622 nullae
1462 2563 1624 2622 tres
1658 2539 1995 2622 existant
2030 2541 2138 2622 ad
2173 2543 2514 2652 angulos
2551 2545 2947 2656 trianguli
2985 2547 3224 2656 spatii

442 2689 525 2730 ·“
574 2682 885 2795 [nullae
916 2699 1271 2790 quatuor
1305 2679 1410 2758 ad
1445 2679 1789 2788 angulos
1826 2679 2382 2787 quadrilateri,
2421 2682 2696 2764 nullae
2721 2684 3092 2792 quinque
3115 2685 3224 2768 ad

467 2829 523 2867 “
570 2821 913 2932 angulos
938 2817 1565 2928 quinquelateri,
1594 2816 1757 2900 διε.
1793 2817 1849 2901 i.
1877 2845 1945 2902 e.
1980 2817 2475 2921 Univerfim,
2513 2819 2574 2900 fi
2609 2823 2882 2902 nullae
2916 2821 3221 2904 harum

464 2965 521 3005 “
569 2956 1229 3042 intersectionum
1272 2955 1366 3036 in
1410 2955 1695 3036 orbem
1739 2953 2114 3064 redeant]
2175 2983 2718 3068 unaquaeque
2767 2959 3223 3044 interseffio

463 3094 521 3142 ‘⁴‘
567 3098 880 3205 reliqua
912 3115 1193 3204 tanget
1226 3095 1531 3176 restam
1564 3091 1951 3200 pofitione
1984 3091 2344 3198 datam.”

592 3233 1021 3318 Euclidem
1080 3253 1355 3312 autem
1416 3231 1571 3312 hoc
1630 3229 2041 3312 nescivifl‘e
2099 3231 2327 3313 haud
2385 3231 2810 3317 verifimile
2869 3237 3008 3338 est,
3083 3237 3222 3319 sed

460 3374 860 3483 principia
892 3371 1057 3452 sola
1090 3367 1534 3478 respexifl'e:
1608 3395 1807 3448 nam
1850 3397 1997 3476 per
2038 3370 2321 3450 omnia
2365 3371 2805 3454 Porismata
2848 3401 3020 3457 non
3066 3371 3218 3456 nifi

456 3513 721 3622 prima
758 3509 1186 3619 principia,
1252 3529 1331 3588 et
1374 3507 1681 3588 semina
1724 3527 2053 3588 tantum
2097 3509 2552 3590 multarum
2597 3533 2678 3590 et
2721 3538 3216 3622 magnarum

452 3681 729 3734 rerum
761 3647 1107 3758 sparfifl'e
1140 3645 1487 3728 videtur.
1580 3647 1809 3726 Haec
1847 3667 2122 3726 autem
2155 3645 2394 3752 juxta
2437 3648 3010 3756 hypothesium
3045 3650 3218 3732 djfa

454 3791 831 3872 ferentias
870 3787 1215 3868 minime
1249 3783 1823 3892 distinguenda
1857 3783 2086 3882 sunt3
2158 3783 2296 3864 sed
2329 3785 2778 3866 secundum
2821 3785 3211 3870 differen-

455 3931 605 4011 tias
644 3925 1191 4010 accidentium
1224 3946 1305 4005 et
1339 3919 1909 4031 quaefitorum.
2001 3923 2513 4032 Hypotheses
2551 3925 2890 4032 quidem
2925 3955 3210 4010 omnes

457 4067 667 4148 inter
698 4067 777 4146 se
812 4061 1239 4164 differunt,
1282 4089 1483 4143 cum
1526 4057 2119 4168 specialiffimae
2162 4059 2354 4144 fint:
2427 4062 2976 4145 accidentium
3021 4085 3212 4146 vero

458 4229 531 4287 et
564 4201 1111 4314 quaefitorum
1138 4197 1823 4309 unumquodque,
1874 4227 2069 4280 cum
2101 4196 2198 4278 fit
2243 4226 2512 4280 unum
2558 4200 2944 4310 idemque
2987 4205 3210 4282 mul-

456 4341 555 4426 tis
577 4337 1081 4452 'diverfisque
1108 4333 1693 4450 hypothesibus
1729 4336 2144 4455 contingit·
2165 4345 2221 4425 ².
2307 4421 2310 4424 .
3191 4447 3206 4458 .

552 4513 729 4585 ⁸Ex.
749 4535 849 4604 gr.
898 4511 1114 4581 Multa
1138 4507 1285 4580 sunt
1314 4507 1673 4578 Porismata
1692 4529 1857 4600 quae
1881 4503 2156 4576 diversas
2189 4505 2580 4606 hypotheses?
2604 4508 2865 4589 hebent,
2902 4505 3006 4576 sed
3029 4517 3212 4596 -quae
