4109 5609
1112 403 1617 487 LIBER
1716 401 2493 490 TERTIUS.
3009 431 3164 491 ,τοι

558 630 793 712 Pus
837 649 913 734 3.
982 625 1357 732 Denique
1388 621 1487 704 fit
1521 623 2017 731 quadrat-um
2050 651 2150 705 ex
2194 625 2340 706 Ac
2383 623 2674 706 danim
2705 621 2945 706 fimul
2968 651 3176 708 cum

428 767 675 874 spatio
712 765 819 845 ad
854 763 1081 871 quod
1115 762 1615 869 quadmtum
1650 788 1745 840 ex
1780 762 1909 840 CB
1944 762 2228 842 datam
2273 762 2520 842 habet
2562 762 3006 863 rationem3
3077 761 3176 846 fit

430 905 775 1010 spatium
806 901 1101 980 datum
1136 900 1637 1005 quadratum
1680 925 1777 977 ex
1820 901 2036 978 Γεᾶει
2083 901 2238 980 AD
2281 900 2420 982 cui
2467 901 2822 1014 aequalis
2855 899 2955 981 fit
2995 903 3170 1003 ΑΕ,

428 1062 506 1120 et
546 1039 945 1147 quoniam
990 1037 1487 1144 quadratum
1532 1061 1627 1115 ex
1670 1035 1816 1115 AC
1852 1033 1959 1114 fi-

426 1179 595 1256 mul
642 1203 841 1256 cum
879 1175 1359 1281 ,redhngulo
1404 1175 1565 1273 EC,
1618 1173 1762 1252 CD
1820 1199 1981 1250 ae·
2095 1211 2162 1290 E
2553 1215 2633 1292 A
2795 1213 2859 1291 B
2951 1214 3024 1293 C
3093 1217 3172 1294 D

428 1315 661 1420 quale
732 1313 845 1392 est
910 1311 1311 1417 quadrato
1378 1335 1473 1388 ex
1529 1311 1727 1408 AD,
1810 1307 1961 1386 erit
2825 1347 2836 1372 ·

430 1451 995 1557 redtangulum
1040 1449 1203 1546 EC,
1252 1449 1397 1527 CD
1442 1446 1533 1525 id
1582 1446 1687 1526 ad
1722 1445 1949 1551 quod

430 1587 923 1694 quadratum
957 1611 1052 1662 ex
1076 1586 1208 1664 CB
1230 1583 1515 1664 datam
1536 1583 1781 1662 habet
1806 1580 2230 1664 rationem.
2297 1581 2530 1662 Datis
2555 1581 2814 1690 igitur
2835 1584 2927 1662 in
2955 1587 3174 1666 reita

428 1723 931 1805 {inea-tribus
968 1720 1293 1828 punffis
1331 1721 1427 1819 E,
1466 1721 1562 1820 B,
1598 1721 1679 1798 D
1724 1719 2312 1800 inveniendum
2357 1719 2466 1798 est
2513 1741 2902 1824 quartum
2937 1722 3002 1800 C
3037 1720 3173 1804 in·-

428 1883 545 1942 εει·
576 1861 885 1966 Ριιῃέὶα
918 1861 1013 1958 Β,
1050 1861 1131 1937 D
1162 1857 1391 1965 quod
1418 1855 1667 1936 faciet
1708 1857 2281 1964 re&angulum
2327 1858 2488 1956 EC,
2529 1859 2674 1935 CD
2709 1885 2758 1935 a
2801 1857 3174 1965 segmen-

430 2000 531 2080 tis
562 1997 777 2076 inter
820 1995 1091 2102 ipsum
1130 2015 1217 2073 et
1262 1995 1567 2100 pun&
1610 2013 1965 2072 extrema
2008 1995 2105 2092 E,
2141 1995 2224 2072 D
2270 1993 2376 2072 ad
2420 1995 2917 2100 quadratum
2961 1994 3172 2072 inter

434 2135 691 2241 ipsum
728 2154 806 2213 et
838 2132 1251 2239 reliquum
1284 2133 1688 2236 punaum
1722 2131 1788 2208 B
1824 2129 1915 2207 in
1950 2129 2138 2209 data
2173 2129 2512 2230 ratione,
2573 2131 2802 2238 quod
2834 2131 3171 2239 quidem

430 2273 565 2352 fiet
596 2296 748 2378 ope
781 2272 1013 2376 Prop.
1042 2293 1187 2374 52.
1226 2294 1433 2374 quae
1468 2267 1581 2346 est
1614 2264 2047 2374 Epitagma
2089 2255 2163 2349 2.
2201 2267 2436 2348 Prob.
2475 2293 2554 2372 5.
2591 2267 2776 2350 Lib.
2827 2295 2896 2352 1.

649 2543 1019 2623 PROP.
1056 2535 1427 2622 LXVIII.
1494 2538 1874 2622 PROR
1917 2539 1985 2622 Ι.
2059 2539 2802 2620 EPITAGMA
2852 2569 2928 2649 3.

434 2685 493 2726 '²‘
536 2681 859 2759 DATIS
894 2678 1219 2757 duobus
1256 2679 1580 2782 puncffis
1616 2679 1721 2776 A,
1758 2677 1825 2754 Β
1860 2675 2224 2755 invenire
2258 2677 2346 2754 in
2393 2679 2608 2756 refta
2643 2705 2851 2784 quae
2898 2707 3040 2785 per
3077 2707 3168 2758 ea

432 2824 494 2862 “
538 2813 819 2896 tranfit
853 2816 1186 2895 tertium
1220 2816 1288 2894 C
1324 2835 1542 2894 extra
1578 2815 1881 2919 punsta
1914 2812 2106 2892 data
2142 2813 2366 2919 quod
2399 2814 2640 2894 faciet
2671 2814 3170 2920 quadratum

432 2961 494 3000 ⁴‘
540 2980 633 3032 ex
664 2955 801 3033 CB
836 2953 1249 3061 segmento
1282 2949 1494 3034 inter
1526 2949 1794 3056 ipsum
1828 2971 1908 3032 et
1942 2951 2346 3054 punstum
2389 2953 2456 3029 B
2493 2952 2566 3032 ei
2605 2951 2942 3058 propius
2986 2978 3170 3034 ma-

424 3098 495 3136 '“
528 3091 695 3195 jus,
766 3111 911 3172 aut
956 3088 1233 3166 minus
1276 3089 1679 3194 quadrato
1720 3114 1821 3166 ex
1864 3085 2276 3202 segmento
2319 3090 2478 3171 AC
2525 3088 2736 3170 inter
2777 3088 3047 3195 ipsum
3093 3109 3172 3174 et

428 3234 493 3272 “
536 3229 949 3334 reliquum
982 3226 1387 3332 pun&um
1418 3227 1499 3306 A
1528 3223 1749 3324 dato,
1786 3251 2042 3328 quam
2077 3223 2166 3301 in
2199 3224 2538 3326 ratione,
2607 3226 2736 3306 vel
2767 3225 2996 3332 quod
3039 3225 3171 3305 fa-

430 3369 495 3412 “
538 3367 693 3445 ciet
748 3363 1249 3470 quadratum
1304 3387 1403 3440 ex
1446 3363 1581 3448 CB
1629 3360 1918 3441 datum
1964 3357 2202 3440 fimul
2247 3389 2443 3442 cum
2491 3361 2748 3468 spatio
2793 3362 2902 3442 ad
2947 3361 3174 3470 quod

432 3506 495 3546 ⁴⁴
540 3501 1043 3609 quadratum
1070 3525 1173 3578 ex
1202 3499 1347 3586 AC
1376 3499 1659 3578 datam
1690 3497 1939 3577 habet
1970 3495 2448 3584 rationem.”

558 3777 794 3854 Pane
840 3797 914 3855 ι.
976 3771 1103 3851 Sit
1138 3771 1635 3878 quadratum
1664 3797 1763 3851 ex
1792 3771 1931 3850 CB
1964 3769 2230 3877 majus
2263 3767 2666 3879 quadrato
2699 3770 2975 3854 ex-AC
3021 3771 3174 3852 da-

432 3931 541 4010 to,
592 3937 849 4018 quam
880 3909 971 3988 in
1006 3909 1357 4007 ratione3
1408 3908 1665 4016 igitur
1700 3937 1747 3987 a
1778 3937 1991 4014 qua-

432 4051 661 4132 drato
700 4047 837 4127 CB
882 4045 1153 4126 ablato
1199 4044 1391 4126 dato
1434 4045 1717 4150 spatio,
1766 4045 1995 4152 quod
2127 4087 2208 4166 A
2496 4085 2565 4164 E
2735 4085 2801 4162 B
2961 4085 3041 4164 D
3107 4085 3176 4164 C

434 4184 524 4266 fit
552 4185 1059 4294 quadratum
1088 4210 1191 4263 ex
1234 4183 1380 4262 BD
1426 4183 1553 4260 vel
1596 4183 1759 4282 BE,
1808 4181 1988 4282 erit,
2135 4219 3158 4263 ......-...-...ι-..-..-ι-.-..ι-..

436 4351 527 4404 ex
568 4317 1021 4431 hypothefi‚
1069 4319 1511 4426 reliquum,
1557 4321 1990 4428 reetangu-

436 4461 609 4542 lum
654 4459 953 4548 scilieet
1000 4457 1163 4559 EC,
1212 4457 1363 4538 CD
1412 4455 1517 4540 ad
1562 4455 2064 4567 quadratum
2116 4481 2218 4536 ex
2273 4453 2418 4536 AC
2459 4452 2554 4536 in
2598 4453 2792 4536 data
2833 4453 3175 4538 ratione.

1736 4593 1803 4672 C
1848 4619 1891 4674 c
