4109 5609
858 412 1114 542 '580
1400 343 1406 350 ’
1575 410 1760 488 DE
1857 407 3061 490 PORISMATIBUS.

944 626 1354 734 segmenta
1389 624 1878 704 abscindunt
1913 624 2359 728 adjacentia
2396 626 2699 729 puncto
2734 627 2811 703 K
2857 623 2948 703 in
2995 621 3219 729 quod
3268 623 3703 728 perpendi-

947 761 1240 847 cularis
1277 789 1324 839 a
1359 781 1634 841 centro
1669 763 1736 840 C
1773 760 1878 839 ad
1909 763 2051 840 AB
2091 760 2337 858 cadit,
2386 758 2445 839 fi
2480 761 2625 839 CK
2658 781 3027 840 occurrat
3048 759 3386 865 junctae
3419 762 3565 837 DE
3612 761 3705 839 in

944 901 1054 997 N,
1103 899 1241 977 DF
1276 924 1465 976 vero
1498 918 1580 976 et
1615 899 1741 976 EF
1787 919 2217 976 occurrant
2257 897 2401 974 AB
2450 896 2541 974 in
2585 899 2688 995 Y,
2726 899 2823 975 M
2843 925 2866 987 ;
2938 895 3091 974 erit
3132 895 3705 1002 rectangulum

945 1034 1135 1134 GY,
1172 1035 1304 1113 YF
1340 1033 1445 1112 ad
1479 1032 1746 1137 ipsum
1781 1035 1999 1132 HM,
2039 1033 2225 1130 MF,
2274 1053 2369 1110 ut
2402 1033 2616 1112 reeta
2650 1033 2806 1110 DN
2842 1030 2947 1111 ad
2979 1031 3240 1138 ipsam
3277 1031 3451 1114 NE.

1899 1306 1958 1381 P
2027 1305 2103 1382 R
2174 1303 2249 1381 o
2318 1305 2403 1385 P.
2542 1303 2754 1384 XCI.

949 1442 1183 1556 Qae
1240 1441 1352 1520 est
1406 1439 1859 1519 Theorema
1920 1439 2151 1544 cujus
2200 1437 2845 1517 enuntiationem
2888 1436 3138 1516 tradit
3181 1439 3430 1517 Dom.
3480 1439 3702 1516 Mat·

1082 1576 1369 1656 thaeus
1405 1577 1741 1654 Stewart
1773 1575 1866 1652 in
1901 1578 2061 1658 vol.
2111 1599 2177 1653 1.
2217 1573 2406 1652 libri
2442 1573 2643 1654 dicti
2692 1577 2749 1616 ‘⁶
2789 1571 3061 1679 Effays
3098 1573 3263 1652 and
3299 1572 3699 1652 Observa-

973 1705 982 1716 ’
1081 1719 1129 1758 “
1165 1710 1380 1792 tions
1420 1709 1802 1817 phyfical,
1843 1709 2002 1790 ὅτε.
2072 1709 2561 1817 Edinburgh
2611 1735 2707 1816 17
2711 1707 2897 1814 54.”

952 1858 1004 1926 ‘.‘
1053 1847 1220 1926 SIT
1252 1849 1396 1924 AB
1431 1847 1821 1926 diameter
1854 1845 2137 1924 circuli
2172 1843 2555 1950 pofitione
2590 1867 2668 1924 et
2702 1844 3269 1953 magnitudine
3305 1844 3531 1942 dati,·'
3562 1871 3699 1923 oc-

947 1997 999 2033 “
1049 2002 1478 2087 curratque
1523 1983 1737 2061 reeta
1783 1983 1928 2060 CD
1973 1979 2119 2086 ipfi
2166 1980 2555 2072 normalis
2602 1980 2691 2058 in
2736 1981 2929 2060 dato
2989 1983 3295 2084 puncto
3344 1983 3463 2071 C;
3534 2006 3701 2058 non

948 2127 997 2167 ‘⁴
1047 2140 1320 2198 autem
1352 2115 1448 2196 fit
1483 2117 1548 2196 C
1574 2137 1946 2197 centrum
1970 2117 2282 2215 circuli,
2312 2137 2391 2196 et
2413 2115 2703 2194 datum
2725 2113 2819 2194 fit
2841 2116 3245 2221 punclum
3269 2119 3347 2194 D
3374 2117 3466 2194 in
3490 2117 3698 2196 resta

879 2297 886 2304 ·
951 2267 1000 2358 ξ’
1051 2256 1237 2352 CD3
1299 2251 1556 2359 fitque
1590 2249 2084 2358 quadratum
2120 2279 2215 2330 ex
2248 2253 2391 2330 CD
2426 2251 2687 2355 majus
2722 2251 3193 2360 restangulo
3224 2253 3468 2351 ACB,
3517 2249 3579 2330 fi
3610 2249 3701 2330 fit

950 2395 999 2437 “
1049 2391 1452 2494 punctum
1487 2390 1550 2467 C
1585 2388 1802 2466 intra
1836 2388 2237 2466 circulum
2256 2420 2293 2484 3,
2333 2375 2404 2466 'fi
2439 2413 2627 2465 vero
2660 2384 2756 2466 fit
2790 2409 3037 2487 extra,
3076 2384 3171 2464 fit
3206 2387 3700 2493 quadratum

947 2532 994 2570 ‘⁶
1045 2550 1139 2603 ex
1175 2525 1316 2603 CD
1353 2524 1629 2604 minus
1663 2501 2133 2629 rectangulo
2166 2524 2377 2602 ACB
2396 2554 2419 2614 ;
2484 2523 2979 2626 producatur
3010 2523 3157 2601 DC
3192 2523 3298 2602 ad
3335 2525 3432 2622 E,
3484 2543 3581 2606 ut
3610 2521 3699 2601 fit

949 2667 996 2706 “
1043 2661 1178 2739 CF„
1214 2660 1569 2765 aequalis
1605 2656 1750 2762 ipfi
1783 2659 1926 2736 CD
1945 2691 1968 2755 ;
2011 2659 2202 2738 data
2237 2679 2474 2738 erunt
2509 2659 2675 2738 duo
2710 2659 3013 2763 puncta
3048 2660 3132 2756 F,
3162 2659 3247 2738 G
3283 2680 3506 2738 extra
3528 2685 3699 2738 rec-

950 2802 998 2842 “
1045 2817 1218 2874 tam
1251 2797 1426 2894 DE,
1453 2813 1597 2894 ut,
1659 2792 1718 2872 fi
1765 2793 1870 2872 ab
1915 2791 2099 2898 ipfis
2145 2791 2668 2877 inflectantur
2712 2796 2889 2894 FH,
2927 2795 3103 2873 GH
3147 2793 3254 2874 ad
3299 2797 3698 2900 punctum

952 2941 1000 2979 “
1048 2931 1394 3038 quodvis
1432 2931 1521 3008 H
1557 2928 1646 3008 in
1683 2923 2359 3029 circumferentia,
2406 2931 2666 3010 rectae
2708 2930 2857 3007 DE
2902 2953 3407 3032 occurrentes
3454 2931 3549 3010 in
3594 2933 3696 3029 K,

952 3070 1000 3112 ‘⁶
1046 3069 1145 3166 L,
1210 3066 1362 3146 erit
1406 3065 1723 3144 summa
1770 3065 2357 3170 quadratorum
2402 3092 2497 3144 ex
2541 3059 2728 3166 DK,
2778 3067 2927 3146 ΕΚ
2971 3065 3076 3146 ad
3134 3069 3700 3174 restangulum

949 3211 995 3247 ‘⁴
1044 3203 1260 3281 DLE
1295 3201 1384 3282 in
1419 3201 1729 3279 ratione
1763 3197 2029 3282 data.”
3650 3185 3659 3192 “

1087 3339 1166 3416 T
1166 3339 1540 3418 heorema
1572 3335 1728 3416 hoc
1765 3335 1874 3415 est
1907 3361 2181 3414 revera
2226 3335 2604 3436 Porisma,
2654 3336 2882 3442 quod
2920 3356 3020 3418 ut
3064 3335 3429 3444 sequitur
3472 3336 3701 3418 inve-

953 3474 1263 3582 stigavi.
2484 3551 2489 3556 .

1091 3613 1291 3692 Cas,
1343 3636 1410 3690 1.
1483 3608 1839 3720 Qando
1877 3610 2279 3713 punctum
2313 3609 2380 3687 C
2414 3607 2525 3687 est
2558 3606 2775 3686 intra
2807 3607 3233 3688 circulum.

1089 3749 1291 3824 Puta
1327 3770 1614 3822 verum
1647 3741 1796 3821 esse
1829 3743 2209 3843 Porisma,
2260 3764 2789 3849 occurratque
2832 3728 3227 3822 reRa'DE
3262 3741 3702 3823 circumfe-

956 3879 1258 3958 rentiae
1293 3877 1386 3957 in
1418 3877 1742 3983 punctis
1785 3880 1886 3977 R,
1924 3879 2017 3970 S3
2093 3878 2486 3982 quoniam
2530 3878 2785 3986 igitur
2827 3879 2976 3957 DE
3020 3879 3703 3984 perpendicularis

957 4016 1066 4092 est
1103 4016 1206 4094 ad
1242 4014 1737 4094 diametrum
1767 4016 1938 4112 AB,
1990 4013 2142 4092 erit
2178 4014 2316 4092 CR
2356 4014 2709 4118 aequalis
2742 4009 2890 4118 ipfi
2926 4015 3085 4112 CS3
3160 4035 3239 4094 et
3276 4015 3697 4119 quoniam,

963 4177 1056 4228 ex
1091 4148 1534 4258 hypothefi,
1577 4149 1765 4227 data
1801 4151 1910 4227 est
1941 4147 2150 4226 ratio
2186 4149 2548 4227 summae
2584 4149 3167 4254 quadratorum
3201 4177 3297 4230 ex
3330 4153 3518 4249 DK,
3560 4129 3705 4230 ΚΕ

923 4344 940 4358 .
963 4287 1069 4366 ad
1099 4285 1666 4393 refiangulum
1699 4285 2059 4383 DL,LE,
2099 4284 2288 4374 data
2310 4283 2460 4363 erit
2484 4304 2562 4362 et
2595 4285 2801 4364 ratio
2836 4283 3159 4364 dimidii
3194 4285 3440 4391 hujus
3476 4271 3700 4364 sum-

525 4439 1168 4526 ·9.aut10.2.mae,
1221 4421 1373 4503 hoc
1411 4421 1518 4502 est
1545 4420 1802 4502 aratio
1837 4419 2425 4530 quadratorum
2457 4445 2553 4502 ex
2596 4421 2769 4524 KC,
2810 4421 2944 4502 CE
2992 4421 3093 4502 ad
3137 4423 3705 4532 rec'tangulum
