4109 5609
1102 374 1605 492 Μ’ΒΕΒ
1710 366 2542 524 QUARTUS.
2689 419 2694 424 ·
3045 447 3204 530 305

450 633 624 731 HF,
676 631 805 710 FE
850 627 959 710 ad
1000 628 1271 738 ipsum
1316 629 1470 728 EF,
1519 629 1673 727 FB,
1732 625 1929 708 dat'a
1974 630 2128 711 erit
2169 635 2380 716 ratio
2421 634 2682 720 reaae
2725 637 2876 718 HF
2921 639 3028 719 ad
3073 639 3207 748 ip-

452 771 621 848 sam
654 769 811 867 FB,
862 787 942 847 et
976 767 1167 846 data
1200 766 1311 846 est
1334 767 1550 846 reaa
1572 765 1759 864 ΗΒ,
1808 765 2102 846 datum

450 906 703 1014 igitur
773 904 885 983 est
943 905 1345 1009 punfimm
1404 903 1517 999 F;
1602 921 1681 981 et
1738 897 2104 983 fimiliter
2239 887 2464 964 ΑΗ
2703 889 2787 968 G
2897 892 3062 970 CB
3145 894 3204 972 F

450 1042 911 1122 invenietur
954 1043 1013 1120 F
1053 1037 1113 1118 fi
1161 1041 1565 1144 pund‘tum
1610 1039 1677 1116 E
1724 1038 1959 1120 cadat
2007 1039 2100 1120 im
2703 1073 2774 1153 E
3207 1031 3214 1040 ’

450 1181 565 1261 Η.
678 1177 992 1276 Tertii),
1044 1175 1142 1256 fit
1186 1177 1593 1282 punQum
1636 1175 1703 1254 E
1747 1175 1961 1256 inter
2005 1179 2096 1256 H

448 1337 523 1396 et
556 1316 698 1414 G3
772 1312 983 1393 datis
1018 1314 1275 1422 igitur
1308 1311 1399 1391 in
1430 1315 1645 1393 reeta
1679 1312 1892 1392 linea
1930 1335 2284 1421 quatuor
2317 1316 2642 1422 punffis
2689 1319 2809 1419 H,
2849 1319 2942 1418 E,
2985 1318 3097 1420 G,
3137 1317 3204 1398 B

446 1451 1035 1532 inveniendum
1062 1451 1171 1529 est
1194 1449 1585 1555 quintum
1608 1450 1673 1527 -F
1707 1472 1928 1530 extra
1963 1451 2096 1556 ip-
2339 1545 2344 1550 ,

446 1590 525 1669 sa
560 1590 669 1669 ad
704 1610 969 1694 partes
1004 1589 1069 1666 B
1118 1587 1343 1693 quod
1385 1585 1629 1666 faciet
1660 1589 2100 1696 redtangu-
2233 1629 2313 1708 A
2357 1631 2448 1710 H
2539 1631 2608 1710 E
2695 1631 2786 1711 G
2859 1635 2934 1712 C
3019 1636 3085 1713 B
3145 1635 3204 1714 F

446 1729 625 1806 lum
668 1727 861 1825 HF,
910 1725 1067 1804 FG
1126 1753 1173 1802 a
1214 1721 1647 1832 segmentis
1694 1723 1907 1804 inter
1966 1724 2097 1830 ip-
2737 1769 2762 1792 -.
2885 1771 2912 1794 -.
3054 1769 3068 1794 .

444 1864 631 1942 sum
674 1886 753 1943 et
799 1865 1203 1970 punaum
1248 1862 1339 1939 H
1374 1859 1479 1940 ab
1517 1859 1687 1964 ipso
1724 1861 2096 1940 remotis-
2181 1871 2188 1880 ‘

442 1997 745 2082 fimum
791 2001 1359 2107 pm&umque
1394 1996 1765 2074 medium
1799 1997 1884 2076 G
1922 1997 2025 2078 ab
2063 1999 2154 2078 H
2185 1997 2580 2080 remotius
2627 2001 2718 2080 in
2766 1999 2955 2114 dapa
2989 2001 3206 2083 rati-

445 2166 599 2218 one
630 2138 751 2216 ad
780 2137 1365 2244 sedtangulum
1408 2133 1565 2232 EF,
1602 2134 1727 2212 FB
1766 2161 1824 2211 ·a
1860 2134 2292 2244 segmentis
2339 2135 2552 2215 inter
2596 2135 2864 2244 ipsum
2911 2161 2989 2221 et
3034 2140 3204 2220 duo

444 2275 761 2380 reliqua
784 2275 1091 2380 punita
1116 2273 1211 2372 E,
1230 2273 1324 2371 B,
1354 2270 1581 2377 quod
1604 2268 1753 2350 -fiet
1786 2297 1939 2378 ope
1968 2272 2361 2380 Prop.64.
2435 2272 2786 2385 Quartb,
2813 2273 2909 2356 fit
2944 2305 3204 2384 punc-

444 2432 631 2490 tum
664 2412 731 2488 E
764 2411 979 2490 inter
1008 2413 1087 2487 A
1112 2430 1189 2488 et
1214 2411 1347 2506 H,
1326 2442 1345 2461 ·
1413 2407 1623 2486 datis
1658 2406 1913 2516 igitur
1946 2410 2037 2488 in
2073 2411 2288 2490 reeta
2323 2409 2534 2490 linea
2559 2435 2913 2519 quatuor
2938 2441 3204 2522 punc-

446 2547 551 2628 tis
576 2549 673 2648 E,
702 2549 824 2647 H,
853 2547 967 2646 G,
996 2548 1061 2625 Β
1087 2543 1673 2625 inveniendum
1699 2545 1809 2624 est
1841 2545 2096 2651 quin-

446 2707 630 2765 tum
688 2685 747 2764 F
805 2705 1027 2764 extra
1083 2681 1253 2788 ipsa
1299 2681 1403 2760 ad
1448 2700 1711 2788 partes
1760 2683 1823 2760 B
1873 2683 2100 2789 quod
2233 2725 2314 2804 Α
2357 2725 2424 2804 E
2461 2723 2560 2804 H
2671 2725 2744 2804 C
2900 2727 2986 2805 G
3024 2727 3089 2806 B
3143 2731 3204 2810 F

448 2817 703 2904 faciet
736 2819 1317 2929 'ree‘tangulum
1380 2819 1547 2918 EF,
1612 2819 1751 2898 FB
1798 2845 1861 2897 a
1916 2818 2097 2929 seg-

446 2959 745 3040 mentis
780 2957 1005 3038 inter
1044 2955 1315 3062 ipsum
1360 2974 1441 3034 et
1485 2955 1789 3060 pundh
1822 2977 2096 3036 exn-e-

448 3125 589 3176 ma
622 3097 729 3195 E,
772 3095 851 3174 B
886 3093 1005 3174 nd
1048 3093 1617 3200 refiangulum
1661 3095 1852 3193 HF,
1902 3095 2058 3174 FG
2107 3121 2154 3172 a
2197 3089 2627 3202 segmentis
2665 3093 2888 3174 ‘inter
2930 3093 3200 3202 ipsum

446 3255 527 3314 et
568 3233 737 3312 duo
765 3230 1093 3338 reliqua
1139 3231 1445 3336 punosta
1487 3231 1607 3330 H,
1658 3229 1811 3309 G
1790 3257 1881 3313 m
1930 3229 2244 3310 ratione
2275 3231 2508 3330 data,
2581 3231 2808 3338 quod
2859 3229 3006 3314 fiet
3049 3263 3202 3343 ope

444 3373 675 3476 Prop.
704 3369 849 3473 65.

580 3507 784 3588 Cas.
838 3529 913 3587 2.
983 3502 1342 3618 Qando
1386 3502 1679 3584 datum
1724 3501 2058 3611 aequale
2103 3503 2216 3584 est
2251 3503 2660 3611 quadrato
2703 3530 2800 3586 ex
2845 3504 3198 3590 dimidio

444 3645 707 3724 tetstae
738 3642 939 3740 AC;
1010 3639 1454 3720 bifariam’
1432 3640 1690 3749 xgitur
1720 3637 1929 3723 [εέὶὲ
1970 3641 2180 3722 AC
2161 3669 2250 3721 m
2284 3641 2397 3742 G,
2447 3640 2612 3722 erit
2633 3644 3199 3752 red'tangulum

444 3782 607 3879 AF,
637 3779 765 3859 FC
796 3749 1261 3858 fimus-cum
1297 3776 1518 3876 dato,
1548 3776 1945 3884 quadrato
1982 3777 2280 3860 scilicet
2315 3805 2410 3858 ex
2445 3779 2596 3858 GC
2631 3783 2962 3887 aequale
2985 3809 3198 3890 qua-

442 3917 677 4001 drato
724 3943 821 3996 ex
863 3915 1037 4013 GF,
1088 3913 1311 4020 quod
1346 3935 1789 4021 propterea,
1840 3941 1935 3994 ex
1968 3915 2130 4022 hy-
2397 4017 2402 4022 β

440 4051 773 4159 pothefi,
847 4051 1128 4131 datam
1176 4049 1512 4130 habebit
1558 4050 1971 4130 rationem
2024 4050 2138 4132 ad
2271 4093 2349 4170 A
2429 4091 2512 4170 G
2551 4092 2616 4172 E
2665 4089 2730 4171 C
2915 4058 2956 4114 '-
3017 4094 3085 4174 Β
3133 4096 3196 4178 F

442 4189 1011 4297 wetstanguham
1037 4187 1189 4287 EF,
1194 4186 1357 4268 FB.
1428 4184 1731 4288 Primi),
1748 4184 1845 4267 fit
1870 4211 2136 4294 punc-

442 4349 625 4406 tum
670 4329 738 4406 E
786 4325 997 4405 ‘mter
1040 4323 1121 4402 G
1170 4345 1250 4404 et
1298 4323 1415 4424 C;
1490 4322 1701 4404 datis
1734 4322 2003 4433 igitur
2046 4325 2140 4404 in

444 4466 655 4545 recila
696 4463 910 4544 linea
954 4460 1219 4543 tribus
1258 4460 1583 4568 punam
1628 4460 1744 4561 G,
1784 4462 1879 4561 E,
1920 4459 2608 4546 Bmveniendum
2653 4465 2765 4550 est
2800 4485 3192 4575 quartum

1732 4596 1943 4714 (ζει
