4109 5609
954 395 1055 479 26
1614 392 1795 473 DE
1900 388 3054 475 LOGARITHMIS.

796 612 807 633 ¹
948 632 1230 713 tatem,
1271 633 1351 694 et
1383 610 1695 693 ratione
1731 612 1809 689 A
1844 611 1948 690 ad
1981 612 2089 709 D,
2107 638 2480 717 ,quarum
2510 628 2862 717 utraque
2895 610 3006 689 est
3041 608 3376 716 majoris
3411 609 3524 689 ad
3563 612 3728 691 mi-

948 777 1263 851 norem,
1312 748 1492 848 erit,
1544 774 1686 855 per
1719 748 1951 855 Prop.
1996 776 2072 853 ς,
2115 770 2256 828 aut
2293 725 2381 847 6,
2421 772 2500 857 7,
2545 748 2619 830 8.
2681 745 3228 857 lugat-ithmus
3262 746 3616 829 rationis
3663 750 3728 827 B

951 888 1169 971 acl-D
1204 885 1559 994 aequalis
1594 886 1957 965 summae
1992 886 2222 993 loga-

952 1023 1455 1111 rithmorum
1510 1021 1931 1103 rationum
1990 1024 2057 1101 B
2117 1020 2226 1100 ad
2439 998 2529 1076 Ῑ)
2781 999 2862 1077 Α
3421 996 3488 1075 Β

952 1160 1593 1265 A,etAadD;
1642 1160 2226 1239 estantemEF
2669 1226 2674 1231 ,

954 1296 1499 1409 lugarithmus
1530 1296 1867 1377 rationis
1894 1296 2094 1376 Bad
2117 1299 2222 1398 A,
2398 1270 2488 1347 H
2719 1264 2788 1347 E
2859 1372 2872 1385 ,
3399 1270 3458 1345 F

954 1436 1116 1517 five
1158 1433 1485 1515 numeri
1529 1435 1649 1532 B;
1724 1454 1805 1513 et
1862 1429 2228 1513 fimiliter
2307 1486 2314 1493 ·

960 1574 1121 1654 ΕΗ
1155 1573 1267 1654 est
1300 1570 1842 1679 logarithmus
1884 1571 2210 1651 numeri
2253 1572 2362 1671 D,
2409 1569 2570 1651 five
2613 1570 2952 1652 rationis
2999 1572 3078 1652 D
3125 1569 3234 1649 ad
3275 1572 3397 1671 A3
3467 1569 3732 1683 igitur

960 1713 1113 1793 HF
1145 1708 1505 1818 ipsorum
1540 1707 1863 1787 summa
1896 1708 2005 1787 est
2039 1707 2583 1815 logarithmus
2619 1706 2956 1789 rationis
2993 1710 3058 1789 B
3093 1707 3199 1787 ad
3233 1710 3338 1790 D.

1104 1985 1307 2068 cAs.
1344 2008 1445 2090 3.·
1469 1980 1835 2096 Qando
1860 2001 2208 2089 uterque
2239 2006 2633 2063 numerus
2661 1978 2944 2061 minor
2977 1980 3088 2061 est
3121 1980 3465 2065 unitate.

992 2210 999 2217 ,
1058 2131 1075 2181 -’
1102 2122 1287 2203 Sint
1320 2118 1645 2200 numeri
1678 2118 1787 2218 D,
1807 2121 1913 2217 K,
1952 2138 2032 2198 et
2065 2117 2423 2226 ipsarum
2455 2116 2930 2228 logarithmi
2963 2118 3350 2232 EH,EL;
3401 2139 3481 2198 et
3517 2145 3724 2225 quo-

968 2255 1201 2339 niam
1230 2256 1441 2338 ratio
1472 2256 1799 2362 {mmeri
1832 2256 1910 2335 D
1946 2255 2053 2334 ad
2088 2257 2356 2362 ipsum
2389 2258 2472 2336 K
2515 2250 2956 2361 compofi‘ta
2999 2254 3112 2335 est
3152 2281 3251 2334 ex
3291 2253 3610 2335 ratione
3649 2256 3726 2334 D

972 2393 1079 2473 ad
1111 2398 1216 2496 A,
1266 2420 1477 2502 quae
1510 2394 1621 2472 est
1654 2392 1995 2472 minoris
2034 2394 2136 2473 ad
2175 2393 2594 2499 majorem,
2657 2412 2740 2473 et
2770 2391 3083 2473 ratione
3113 2394 3194 2483 A
3238 2392 3348 2473 ad
3387 2394 3500 2493 K,
3547 2418 3726 2471 ma-

959 2506 1163 2636 joris
1211 2530 1316 2610 ad
1360 2529 1796 2628 minorem,
1861 2554 2072 2635 quae
2115 2527 2378 2635 major

972 2664 1086 2747 est
1140 2664 1555 2773 reciproca
1594 2663 1930 2747 ‘rationis
1990 2664 2070 2744 D
2117 2664 2222 2746 ad
2269 2670 2373 2767 A,
2723 2644 2802 2723 K
2869 2738 2874 2746 ,
3080 2642 3160 2724 D
3519 2644 3600 2721 Α

973 2803 1131 2885 hoc
1167 2804 1279 2884 est
1320 2802 1583 2908 major
1626 2802 1935 2881 ratione
1980 2806 2058 2882 A
2103 2805 2206 2884 ad
2249 2806 2374 2904 D;

973 2940 1156 3041 erit,
1219 2967 1361 3047 per
1408 2938 1581 3021 Cas.
1636 2932 1711 3020 2}
1772 2940 1983 3020 Cor(
2012 2942 2248 3045 Prop.
2297 2968 2376 3046 5.
2473 2990 2482 2997 -
2720 2908 2788 2987 L
3069 2910 3160 2987 H
3534 2908 3602 2987 Ε

970 3076 1521 3186 'legarithmus
1543 3074 1879 3155 rationis
1904 3076 1983 3153 D
2008 3076 2114 3155 ad
2141 3080 2218 3156 K
2243 3102 2392 3156 ae-.

974 3214 1249 3319 'qualis
1284 3210 1621 3295 exceffui
1653 3210 2128 3319 logarithmi
2163 3211 2499 3295 rationis
2523 3215 2602 3293 A
2625 3214 2732 3295 ad
2755 3194 2863 3314 K,
2898 3213 3060 3296 five
3092 3212 3572 3323 logarithmi
3605 3216 3732 3323 ip-

973 3349 1136 3431 stus
1172 3352 1251 3429 K
1284 3350 1523 3457 supra
1556 3347 2144 3457 lugarithmum
2178 3349 2518 3431 rationis
2549 3354 2630 3430 D
2661 3351 2770 3431 ad
2799 3354 2906 3453 A,
2951 3351 3111 3433 five
3145 3352 3736 3461 logarithmum

974 3484 1225 3593 ipfius
1258 3489 1364 3571 D.
1478 3486 1617 3565 Est
1657 3506 1933 3573 autem
1977 3486 2116 3565 EL
2157 3486 2700 3594 logarjthmus
2741 3484 2986 3595 ipfius
3031 3492 3140 3588 K,
3189 3509 3270 3569 et
3313 3491 3474 3571 ΕΗ
3509 3492 3737 3599 loga-

980 3622 1336 3703 rithmus
1370 3618 1616 3727 ipfius
1647 3622 1757 3721 D,
1820 3649 2180 3728 quorum
2212 3622 2556 3707 exeeffus
2592 3624 2706 3706 est
2736 3626 2926 3729 HL,
2988 3626 3138 3734 qui
3173 3646 3596 3735 propterea
3629 3627 3738 3709 est

983 3756 1525 3868 logarithmus
1561 3756 1900 3839 rationis
1931 3760 2013 3837 D
2048 3759 2154 3839 a'd
2187 3762 2294 3845 K.

1122 4032 1249 4113 Co
1262 4054 1346 4115 R.
1376 4032 1467 4113 si
1490 4030 2002 4141 logarithmis
2027 4031 2444 4113 rationum
2467 4033 2810 4118 minoris
2835 4035 2946 4116 ad
2965 4033 3388 4142 majorem,
3411 4036 3548 4118 vel
3576 4064 3736 4119 nu-

955 4194 1405 4255 -metorum
1457 4168 1609 4278 qui
1660 4168 1853 4251 sunt
1904 4168 2224 4251 unitate
2269 4170 2626 4253 minores
2671 4196 3132 4281 apponatur
3169 4170 3504 4285 fignum
3543 4174 3738 4256 sub-

946 4305 1403 4389 -mfflonis
1432 4341 1509 4367 ·-
1544 4304 2098 4416 legarithmus
2132 4304 2472 4391 rationis
2515 4310 2842 4391 numeri
2885 4310 3244 4417 cujusvis
3289 4312 3398 4395 ad
3437 4338 3738 4393 nume-

986 4470 1177 4529 rum
1198 4440 1630 4545 minorem,
1658 4441 2132 4529 invenietur
2153 4444 2623 4552 auferendo,
2659 4446 3108 4533 stcundm
3129 4450 3450 4563 tegulas
3473 4448 3568 4535 in
3591 4450 3762 4543 Al<
