4109 5609
1065 434 1245 514 DE
1334 428 2488 515 LOGARITHMIS.
3065 446 3156 535 ες

410 658 539 740 nis
570 656 745 737 HG
784 651 887 733 ad
925 654 1087 733 GK
1128 650 1369 756 supra
1412 646 2004 757 logarithmum
2048 646 2384 729 rationis
2431 649 2603 729 HG
2649 646 2756 727 ad
2799 648 2968 747 GF,
3019 648 3166 755 qui

410 796 633 875 idem
664 792 777 873 est
812 816 1005 871 cum
1038 785 1532 895 logarithmo
1564 784 1903 867 rationis
1938 785 2078 865 FG
2115 783 2220 863 ad
2256 786 2456 885 GH,
2506 785 2864 893 aequalis
2896 785 3010 865 est
3043 786 3168 867 lo-

409 929 825 1041 garithmo
856 924 1192 1005 rationis
1228 924 1367 1001 FG
1406 922 1512 1001 ad
1546 923 1735 1003 GK.

1390 1195 1889 1277 PROP.
2022 1194 2176 1277 VI.

418 1482 483 1523 ⁸‘
530 1476 633 1555 SI
679 1471 835 1552 fint
882 1472 1089 1551 duae
1132 1468 1483 1547 rationes
1518 1467 1657 1546 FG
1694 1465 1799 1546 ad
1830 1466 2033 1567 GH,
2097 1490 2176 1547 et
2221 1469 2394 1547 GH
2441 1470 2546 1549 ad
2589 1470 2780 1569 GK,
2827 1493 3174 1579 utraque

423 1618 482 1659 ‘⁸
531 1607 861 1716 majoris
896 1608 1001 1687 ad
1034 1606 1469 1703 minorem,
1518 1630 1881 1710 quarum
1920 1605 2172 1685 alt'era
2215 1606 2356 1685 FG
2389 1606 2494 1685 ad
2531 1608 2702 1687 GH
2738 1608 3174 1717 compofita

426 1756 485 1795 “
535 1749 647 1828 est
693 1774 787 1826 ex
830 1742 1285 1825 rationibus
1326 1740 1845 1851 mdical-ibus,
1906 1741 2222 1848 reliqua
2263 1769 2454 1821 vero
2499 1746 2673 1824 HG
2718 1746 2826 1826 ad
2870 1748 3032 1827 GK
3079 1774 3176 1827 ex

424 1891 485 1931 ‘⁴
534 1885 635 1964 iis
673 1910 843 1963 non
874 1882 989 1960 est
1020 1875 1498 1985 compofita3
1560 1875 1712 1955 erit
1746 1877 2286 1985 logarithmus
2323 1878 2658 1961 rationis
2695 1882 2836 1961 FG
2871 1882 2976 1963 ad
3009 1882 3173 1963 GK

422 2027 487 2067 ‘⁴
536 2046 745 2127 quae
778 2044 875 2097 ex
908 2016 1227 2095 duabus
1262 2015 1423 2093 illis
1458 2013 1567 2093 est
1612 2012 2079 2119 composita,
2129 2015 2488 2120 aequalis
2533 2017 2896 2098 summae
2941 2020 3173 2127 loga·

420 2164 484 2204 “
530 2156 1033 2239 rithmorum
1066 2150 1481 2231 rationum
1514 2150 1653 2231 FG
1690 2150 1794 2229 ad
1830 2151 2029 2250 GH,
2081 2172 2160 2231 et
2191 2154 2364 2231 HG
2402 2152 2508 2231 ad
2543 2149 2783 2234 GK.”

492 2542 499 2549 .
562 2426 904 2510 sienim
936 2422 1545 2535 magnitudines
1578 2420 1732 2503 hae
1768 2448 1939 2502 non
1971 2418 2128 2502 fint
2162 2426 2561 2529 aequales,
2615 2428 2862 2506 altera
2895 2452 3176 2509 earum
3331 2484 3339 2491 -

400 2566 690 2672 -major
722 2563 872 2645 erit
890 2596 913 2661 3
978 2581 1057 2641 et
1091 2558 1393 2667 primb,
1430 2558 1525 2640 fit
1558 2560 1757 2659 LM,
1806 2558 2130 2639 summa
2161 2560 2458 2642 scilicet
2491 2562 3178 2673 logarithmorum

422 2704 841 2786 rationum
920 2700 1057 2778 FG
1146 2696 1256 2777 ad
1665 2742 1673 2748 ·
1999 2698 2005 2705 ’

424 2844 646 2940 GH,
728 2858 807 2917 et
884 2836 1070 2915 HG
1150 2832 1255 2912 ad
1389 2834 1449 2911 F
1768 2832 1862 2911 H
2483 2836 2565 2915 K
2639 2839 2722 2916 Ο
3093 2840 3177 2920 G

430 2980 621 3077 GK,
660 2974 920 3080 major
950 2972 1100 3051 LN
1132 2972 1259 3050 lo·-
1400 2968 3182 3019 ——·'¹···········-—·'····¹···-····—

432 3113 847 3223 garithmo
925 3105 1259 3189 rationis
1396 3108 1465 3186 L
1852 3105 1935 3185 N
1970 3107 2029 3184 P
2199 3106 2298 3185 M
2321 3106 2400 3185 A
2857 3110 2924 3191 C
3109 3112 3179 3191 Β

432 3254 574 3331 FG
622 3249 727 3330 ad
771 3248 961 3345 GK,
1007 3242 1263 3351 fitque
1448 3239 2288 3285 .............n..1...-..;
2341 3240 3184 3291 ’··-··············¹··-····

432 3389 615 3467 NM
684 3382 1043 3492 ipsarum
1122 3408 1262 3460 ex·
2290 3378 2370 3455 D
2771 3466 2776 3471 ,
3111 3388 3182 3467 Ε

436 3522 729 3615 ceffus;
802 3540 882 3599 et
928 3546 1263 3624 compo-
2307 3498 3186 3523 —————

438 3682 685 3742 natur
730 3658 939 3737 ratio
982 3652 1383 3762 affumpta
1438 3654 1581 3733 AB
1638 3652 1744 3733 ad
1803 3652 1939 3733 BC
1997 3680 2092 3733 ex
2147 3656 2601 3737 rationibus
2659 3657 3181 3766 radicalibus,

443 3822 797 3905 quarum
832 3818 1221 3873 numerus
1254 3790 1514 3897 major
1546 3788 1641 3870 fit
1672 3816 2017 3870 numero
2067 3794 2428 3897 partium
2469 3791 2614 3899 ipfi
2658 3796 2836 3875 NM
2884 3825 3184 3906 aequa-

440 3936 679 4033 lium,
729 3958 939 4039 quae
972 3930 1061 4008 in
1096 3929 1285 4008 data
1328 3926 1901 4037 magnitudine
1941 3928 2090 4007 DE
2138 3929 2696 4029 continentum
2760 3953 2841 4011 et
2885 3936 3188 4021 secetur

442 4072 595 4151 DE
624 4070 715 4150 in
749 4088 1011 4176 partes
1048 4066 1443 4173 aequales»,
1492 4064 1849 4172 quarum
1884 4091 2273 4149 numerus
2310 4066 2662 4175 aequalis
2699 4069 2810 4149 est
2839 4098 3186 4156 numero

442 4188 859 4288 rationum
894 4232 987 4283 ex
1023 4204 1325 4310 quibus
1360 4199 1793 4309 compofita
1824 4202 1935 4281 est
1964 4204 2174 4285 ratio
2205 4206 2348 4285 AB
2385 4205 2490 4286 ad
2515 4205 2689 4302 BC3
2739 4206 2996 4313 igitur
3017 4238 3186 4291 una

380 4379 399 4387 ·
448 4376 543 4429 ex
577 4330 791 4425 hisce
826 4340 1193 4447 partibus
1228 4337 1498 4418 minor
1534 4341 1643 4419 est
1675 4339 1845 4445 ipsa
1874 4341 2084 4423 NM.
2151 4342 2274 4423 Sit
2315 4341 2520 4421 ratio
2557 4343 2692 4422 FG
2731 4342 2836 4422 ad
2870 4346 3029 4425 GO
3061 4374 3181 4443 ea,

452 4508 661 4590 quae
718 4506 814 4561 ex
859 4475 1311 4559 rationibus
1356 4474 1845 4565 radicalibus
1892 4476 2328 4587 compofita
2367 4477 2732 4586 proxime
2773 4480 3034 4587 major
3077 4484 3188 4565 est
