4109 5609
1134 400 1641 485 LIBER
1752 398 2437 484 PRIMUS..
2901 424 3154 509 ·r43

534 620 1057 723 Semicirculi‘
1082 640 1357 701 autem
1389 619 1487 699 hi
1517 644 1881 727 quorum
1908 644 2062 725 ope
2091 612 2830 699 Demonstrationes
2865 613 3169 699 secun--

410 759 551 838 dae
596 758 1233 867 Epitagmatum
1272 757 1510 840 Prob.
1549 782 1629 863 5.
1666 774 1747 835 et
1784 752 1863 837 6.
1908 753 2170 838 factae
2213 755 2429 855 sunt,
2477 778 2650 835 non
2692 750 2882 835 sunt
2939 752 3010 835 ii.
3047 754 3154 837 de

407 894 707 1001 quibus
740 894 1117 1000 loquitur
1148 876 1464 1001 Pappns
1499 892 1597 975 in·
1622 890 2120 998 praefatione
2153 890 2295 971 sua
2317 891 2422 972 ad
2445 890 2754 973 librum
2777 889 2948 997 ejus
2971 888 3152 997 sep—

408 1031 733 1113 timum.
802 1030 1034 1111 Dicit
1068 1029 1295 1111 enim
1316 1034 1633 1137 Pappus
1662 1032 1721 1071 “
1747 1028 2282 1132 Apollonium
2315 1027 2590 1109 rursus
2615 1026 3150 1110 danuam-as-

416 1168 488 1246 se
517 1164 1099 1273 Propositiones
1136 1164 1365 1247 suas”
1412 1167 1566 1247 hoc
1603 1166 1715 1245 est
1748 1164 2141 1269 quasdam
2187 1193 2284 1247 ex
2315 1164 2436 1246 iis-
2457 1168 2515 1207 “
2553 1162 2964 1275 ingeniose
3007 1188 3160 1271 pen

416 1299 999 1385 semicirculos”
1061 1324 1145 1383 et
1189 1303 1527 1409 quidem
1560 1301 2296 1383 Demonstrationes
2329 1303 2868 1383 Lemmatum·
2888 1300 3165 1407 Apol·

424 1438 609 1519 lonii
642 1468 797 1546 ope
830 1437 1521 1521 semicirculorum
1558 1464 1759 1545 quas
1796 1440 2114 1545 Pappus
2147 1436 2517 1542 servavit,
2553 1436 2962 1549 ingeniose
2995 1436 3148 1519 ad-

436 1576 754 1655 modum
822 1576 1013 1655 sunt
1079 1575 1337 1659 faaae
1368 1610 1391 1674 3
1460 1574 2200 1657 Demonstrationes
2270 1602 2461 1655 vero
2527 1574 3164 1685 Epitagmatum.

450 1712 651 1794 Prob.
686 1739 762 1817 5.
798 1732 879 1793 et
914 1710 993 1795 6.
1030 1740 1173 1818 per
1202 1712 1739 1794 semicirculos
1785 1710 1923 1792 hic
1968 1712 2338 1810 traditae,
2410 1736 2704 1818 parum
2747 1732 2893 1791 aut
2934 1710 3150 1791 nihil

464 1846 725 1954 ingenii
766 1849 1223 1956 requirunt.
1326 1848 1729 1962 Qamvis
1776 1847 2034 1958 igitur
2077 1850 2224 1930 has
2269 1847 2752 1955 Apollonius
2771 1874 2958 1927 non
2994 1875 3146 1953 po·-

478 1982 605 2063 tuit
626 2012 779 2066 non
808 1984 1291 2094 cognoviffe‚
1340 1986 1631 2069 obviae.
1658 1986 1897 2069 enim
1914 1984 2140 2090 sunt,
2172 2006 2496 2070 certum
2518 2006 2800 2069 tamen
2832 2011 3002 2067 non
3035 1983 3150 2068 est

493 2143 635 2201 eum
658 2146 769 2205 eas
800 2119 1139 2208 dediffe.-
