4109 5609
1104 392 1289 543 Dp:
1388 388 2538 501 LOGARITHMIS.
3103 425 3204 512 17

578 614 737 702 Sed
780 614 842 699 fi
896 616 1219 699 dicatur
1262 615 1435 695 LM
1476 613 1753 697 minor
1796 640 2049 723 quam
2089 614 2272 717 LN,
2333 616 2656 723 sumpta
2698 612 3012 699 ratione
3055 615 3200 699 FG

440 758 552 838 nd
582 757 746 837 GO
781 780 991 863 quae
1025 779 1121 833 ex
1158 751 1385 833 radi-
3103 842 3110 847 Ι

440 892 757 973 calibus
870 884 1335 995 composita,
1520 862 1581 943 F
2015 866 2110 945 H
2433 866 2510 945 0
2580 868 2659 945 K
3111 866 3198 947 G

442 1028 808 1134 proxime
828 1026 1103 1105 minor
1126 1024 1236 1105 est
1258 1051 1381 1104 ra·
1524 998 3182 1046 ““““““““““““““’“““““”’“““““““““-““-“““

440 1164 663 1243 tione
695 1163 836 1244 FG
871 1161 981 1241 ad
1012 1161 1221 1257 GK;
1276 1156 1383 1237 fi·
1516 1132 1586 1213 L
2207 1126 2308 1211 Μ
2465 1236 2474 1243 ,
2556 1130 2616 1213 Ρ
2935 1132 3020 1217 N

440 1300 745 1379 militer
858 1296 1317 1377 ostendetur
1523 1268 3008 1317 -“““·-““······’··-·-“

442 1460 612 1516 non
646 1430 860 1541 poffe
889 1434 1059 1513 LM
1094 1431 1497 1510 minorem
1530 1424 1680 1507 effe
1714 1456 1969 1535 quam
2003 1430 2154 1508 LN
2169 1463 2194 1529 ς
2248 1434 2602 1539 aequalis
2631 1434 2888 1544 igitur
2908 1436 3019 1517 est
3038 1432 3192 1519 LN

440 1570 983 1677 logarithmus
1019 1565 1355 1647 rationis
1390 1564 1535 1643 FG
1570 1564 1675 1643 ad
1708 1566 1877 1645 GK
1908 1562 2054 1671 ipfi
2086 1566 2286 1667 LM,
2337 1571 2702 1652 summae
2733 1571 3032 1655 scilicet
3064 1573 3190 1655 lo·

442 1706 1049 1817 garithmorum
1082 1701 1495 1781 rationum
1530 1698 1673 1779 FG
1706 1700 1810 1781 ad
1844 1702 2049 1801 GH,
2089 1723 2170 1782 et
2201 1704 2378 1785 HG
2415 1705 2522 1787 ad
2555 1706 2746 1793 GK.

1408 1904 1905 1987 PROP.
2039 1905 2225 1990 VII.

444 2116 504 2157 “
550 2110 842 2193 SINT
876 2107 1221 2188 rationes
1255 2108 1395 2187 FG
1429 2107 1534 2186 ad
1568 2108 1769 2205 GH,
1808 2128 1890 2187 et
1922 2108 2096 2189 HG
2129 2109 2238 2190 ad
2267 2112 2460 2212 GK,
2510 2140 2865 2219 quarum
2896 2136 3188 2199 neutra

444 2252 505 2293 “
552 2242 987 2352 compofita
1022 2243 1133 2324 est
1166 2269 1261 2322 ex
1294 2242 1749 2322 rationibus
1784 2242 2320 2343 radicalibus;
2367 2244 2465 2326 fit
2497 2268 2772 2331 autem
2803 2251 3012 2333 ratio
3047 2256 3188 2335 FG

443 2388 505 2429 '⁵‘
552 2383 659 2463 ad
691 2383 881 2481 GK,
931 2406 1141 2486 quae
1175 2405 1270 2457 ex
1302 2372 1461 2459 illis
1498 2376 1935 2484 composita
1978 2379 2117 2481 est,
2166 2406 2264 2461 ex
2305 2383 2762 2467 rationibus
2807 2388 3188 2469 radicali-

444 2523 504 2564 “
550 2519 707 2599 bus
766 2504 1251 2621 compofi'tzu
1324 2513 1475 2593 erit
1532 2513 2074 2622 logarithmus
2131 2517 2465 2601 rationis
2513 2522 2652 2601 FG
2697 2522 2802 2603 ad
2846 2525 3010 2605 GK
3052 2552 3190 2607 ae-

443 2658 505 2700 “
555 2654 819 2761 qualis
879 2652 1243 2732 summae
1299 2648 1979 2757 logarithmorum
2034 2652 2452 2735 rationum
2507 2658 2566 2737 F
2567 2658 2648 2738 G
2693 2659 2799 2740 ad
2848 2628 3047 2761 GH,
3107 2684 3187 2743 et

448 2793 510 2835 “
556 2792 730 2871 HG
766 2787 871 2869 ad
906 2781 1142 2868 GK.’'

577 2927 663 3007 Si
697 2924 919 3005 enim
952 2942 1125 3001 non
1155 2915 1250 3001 fit
1284 2920 1639 3026 aequalis
1675 2914 2039 3003 summae
2085 2920 2310 3026 huic,
2359 2926 2510 3008 erit
2553 2930 2681 3009 vel
2723 2929 3012 3036 major,
3057 2933 3187 3013 vel

440 3061 741 3143 minor.
845 3056 1148 3156 Primo,
1206 3055 1304 3136 fit
1345 3057 1885 3165 logarithmus
1921 3060 2090 3140 LM
2125 3061 2462 3145 rationis
2496 3066 2637 3145 FG
2672 3066 2780 3145 ad
2810 3069 2972 3148 GK
3004 3094 3188 3149 ma-

432 3197 569 3306 jor
598 3196 918 3279 summa
940 3190 1477 3302 logarithmo-

440 3360 637 3415 rum
691 3332 1107 3413 rationum
1165 3330 1303 3408 FG
1372 3327 1477 3408 ad
1612 3331 1673 3409 F
2091 3334 2183 3412 H
2249 3336 2309 3413 P
2549 3338 2628 3416 K
3101 3336 3188 3417 G

442 3471 647 3569 GH,
675 3488 757 3549 et
788 3467 963 3547 HG
1008 3466 1113 3546 ad
1145 3463 1350 3562 GK;
1399 3484 1479 3543 et
1620 3468 3199 3529 -·······-·¹-·'·—····-'····—-·---

442 3602 541 3687 fit
573 3606 723 3685 LN
761 3600 1299 3711 logarithmus
1342 3626 1479 3679 ra-
1612 3598 1682 3679 L
2023 3598 2106 3679 N
2217 3600 2356 3715 Q
2380 3605 2457 3691 Ο
3017 3606 3120 3685 Μ

442 3740 691 3823 tionis
730 3741 870 3819 FG
907 3737 1011 3817 ad
1058 3737 1259 3835 GH,
1309 3734 1474 3842 igi·
1566 3792 1582 3801 -

446 3898 589 3958 tur
629 3877 807 3956 NM
862 3872 1125 3978 major
1182 3870 1291 3950 est
1350 3871 1475 3949 lo-
1608 3868 1687 3947 A
2170 3868 2238 3947 C
2545 3873 2612 3950 B

445 4011 857 4122 garithmo
915 4006 1250 4088 rationis
1298 4004 1475 4085 HG
1980 4108 1995 4121 .

448 4149 555 4229 ad
590 4148 795 4239 GK;
866 4143 963 4225 fit
998 4143 1240 4249 hujus
1278 4140 1477 4220 rati·-
1613 4141 1696 4218 D
2411 4142 2480 4219 E

451 4282 633 4365 onis
677 4280 1215 4390 logarithmus
1261 4279 1479 4376 ΟΜ,

450 4420 727 4499 minor
767 4416 871 4503 sc.
918 4443 1170 4524 quam
1212 4415 1419 4512 ΝΜ,
1492 4432 1569 4493 et
1614 4430 2154 4517 componatur
2192 4408 2402 4491 ratio
2446 4404 2841 4516 affumpta
2896 4408 3038 4488 AB
3087 4402 3192 4487 ad

1723 4546 1793 4623 C
