4109 5609
1064 413 1564 495 LIBER
1680 411 2584 525 QUARTUS·
2685 411 2710 426 ··
2999 417 3164 532 239·

402 634 729 718 easdem
756 633 927 740 ejus
960 653 1223 738 partes
1260 629 1369 711 ad
1402 655 1605 739 quas
1638 627 1829 711 sunt
1853 633 2158 736 punfia
2181 633 2452 712 media
2477 635 2570 734 E,
2601 633 2686 712 G
2711 633 3170 742 pumilum*

412 800 571 880 que
602 769 979 850 medium
1010 767 1093 846 G
1130 767 1235 846 ab
1271 769 1363 846 H
1396 767 1789 848 remotius
1825 767 1930 846 ad
1953 771 2522 875 reflangulum
2557 772 2708 871 EF,
2740 762 2860 851 FB
2897 802 2946 852 a
2981 773 3162 884 seg-

414 907 713 988 mentis
760 905 975 983 inter
1016 903 1285 1009 ipsu'm
1342 923 1423 982 et
1479 903 1787 1010 pun&
1828 903 2141 1010 reliqua
2189 905 2282 1002 E,
2329 906 2467 982 B
2448 933 2537 984 m
2579 908 2892 986 ratione
2939 910 3158 1010 data,

418 1043 641 1154 quod
674 1043 815 1123 fiet
846 1067 999 1146 ope
1020 1042 1251 1144 Prop.
1281 1037 1331 1119 6
1348 1064 1417 1121 1.

546 1319 779 1396 PARS
822 1340 899 1396 2.
936 1312 1057 1392 Sit
1088 1307 1655 1421 restangulnm
1686 1309 1850 1410 AF,
1890 1309 2015 1392 FC
2048 1309 2326 1390 minus
2357 1309 2538 1418 ipso
2573 1313 2736 1414 EF,
2765 1316 2888 1393 FB
2937 1317 3156 1420 date,

414 1480 667 1560 quam
702 1450 791 1530 in
825 1448 1165 1530 ratione.

550 1589 615 1666 C
638 1613 689 1665 A
714 1611 911 1667 3.1.
978 1580 1337 1696 Qando
1380 1581 1671 1662 'datum
1716 1580 1991 1662 minus
2040 1583 2152 1662 est
2201 1583 2598 1689 quadrato
2658 1611 2754 1664 ex
2813 1587 3162 1670 dimidio

418 1725 673 1806 reaae
704 1722 893 1818 AC;
966 1718 1413 1825 applicetur
1442 1717 1698 1826 igitur
1732 1719 1837 1798 ad
1872 1719 2152 1798 datam
2187 1722 2494 1800 reikam
2537 1723 2682 1800 AC
2727 1727 3164 1833 redbmgu-

420 1861 593 1940 lum
636 1861 831 1940 dato
880 1856 1209 1964 aequale
1252 1853 1633 1935 deficiens
1679 1853 2104 1960 quadrato,
2151 1853 2408 1962 fitque
2437 1857 2526 1935 G
2557 1861 2969 1962 pundhun
3010 1889 3166 1966 ap..

420 1995 875 2104 plicationis
913 1993 1136 2100 quod
1170 1991 1503 2096 propius
1544 1991 1655 2069 est
1698 1987 1845 2094 ipfi
1888 1993 1982 2089 C,
2030 2013 2110 2072 et
2155 1995 2246 2071 H
2294 1993 2639 2073 alterum
2669 2031 2692 2094 ;
2768 1997 3166 2102 quoniam

422 2134 671 2242 igitur
714 2131 1083 2238 aequales
1130 2127 1319 2206 sunt
1360 2127 1559 2226 ΑΗ,
1598 2125 1778 2226 GC,
1828 2147 1906 2206 et
1952 2131 2062 2208 est
2106 2130 2510 2234 pun&um
2545 2133 2602 2210 F
2635 2131 2726 2210 in
2761 2134 2925 2211 'GC
2971 2160 3164 2238 pro-

422 2271 690 2369 dueta,
739 2268 919 2366 erit,
970 2293 1109 2371 per
1142 2267 1375 2368 Prop.
1410 2288 1542 2368 24.
1579 2263 1763 2345 Lib.
1805 2287 1879 2373 7.
1915 2265 2196 2371 pappi,
2234 2267 2802 2376 reetangulum
2833 2270 2996 2369 AF,
3041 2269 3164 2348 FC

422 2405 652 2488 fimul
699 2431 895 2486 cum
925 2402 1095 2508 ipso
1130 2401 1317 2497 HC,
1356 2399 1534 2498 CG,
1584 2399 1739 2480 hoc
1777 2400 1887 2480 est
3089 2437 3096 2450 ·

418 2541 651 2623 fimul
687 2568 881 2622 cum
915 2540 1134 2636 date,
1172 2537 1641 2644 redtangulo
1670 2535 1891 2616 scili-
2024 2579 2104 2656 A
2233 2579 2322 2656 H
2493 2580 2576 2657 G
2637 2575 2705 2658 E
2751 2581 2817 2659 C
2899 2581 2958 2658 F
3095 2579 3163 2657 B

423 2701 543 2760 cet
585 2679 777 2778 AG,
829 2677 981 2756 GC
1036 2674 1367 2779 aequale
1423 2672 1895 2779 redtangulo

423 2819 594 2916 HF,
610 2815 787 2914 PG,
808 2811 1041 2920 quod
1068 2829 1487 2916 propterea
1522 2809 1631 2888 est
1662 2808 1753 2888 id
1786 2807 1893 2886 ad

425 2952 673 3060 quod,
723 2977 821 3028 ex
844 2943 1299 3056 hypothefi,
1346 2944 1912 3052 restangulum
1946 2945 2100 3044 EF,
2139 2947 2264 3023 FB
2301 2948 2580 3026 datam
2623 2948 2870 3028 habet
2910 2947 3165 3029 'ratio-

428 3115 637 3170 nem.
752 3084 1054 3184 Primb,
1119 3079 1213 3161 fit
1259 3082 1663 3186 punQum
1708 3082 1775 3158 E
1818 3082 2033 3160 inter
2077 3081 2160 3158 G
2211 3102 2289 3160 et
2324 3086 2442 3204 C,
2515 3083 2728 3164 datis
2775 3085 3029 3193 igitur
3073 3084 3164 3164 in

426 3225 637 3304 mita
670 3223 881 3301 linea
916 3239 1267 3325 quatuor
1300 3215 1623 3322 pumstis
1658 3219 1779 3315 H,
1806 3217 1920 3315 G,
1951 3219 2044 3314 E,
2077 3219 2142 3294 B
2165 3217 2752 3301 inveniendum
2775 3223 2887 3300 est
2911 3221 3166 3328 quin-

426 3383 603 3440 tum
640 3361 697 3436 F
728 3359 821 3435 in
854 3357 1265 3462 segmento
1300 3371 1654 3432 extremo
1687 3353 1819 3431 ΕΒ
1856 3351 2082 3458 quod
2115 3352 2357 3434 faciet
2389 3357 2956 3466 restangulum
2979 3359 3158 3456 HF,

429 3495 565 3576 FG
598 3523 663 3572 «a
704 3489 1135 3600 segmentis
1170 3489 1381 3568 inter
1423 3487 1693 3593 ipsum
1736 3508 1816 3568 et
1862 3487 2264 3592 pun&um
2307 3511 2758 3572 extremum
2803 3494 2894 3570 H
2941 3493 3170 3598 quod

427 3630 535 3712 est
578 3629 687 3710 ad
730 3628 1045 3709 easdem
1088 3625 1257 3729 ejus
1304 3643 1567 3728 partes
1616 3621 1721 3702 ad
1773 3651 1977 3730 quas
2024 3622 2214 3704 sunt
2270 3629 2574 3731 punita
2617 3627 2888 3708 media
2934 3629 3047 3728 G,
3100 3629 3168 3708 E

428 3766 989 3872 punfiumque
1022 3759 1391 3840 medium
1416 3759 1497 3838 G
1525 3759 1749 3865 quod
1783 3757 1929 3864 ipfi
1954 3761 2043 3838 H
2079 3761 2190 3840 est
2221 3764 2580 3869 propius,
2619 3764 2709 3844 in
2742 3764 2936 3843 data
2963 3765 3170 3845 rati·-
3286 3843 3294 3850 ,

427 3929 577 3982 one
612 3901 719 3980 ad
754 3897 1321 4003 reetangulum
1354 3895 1507 3994 EF,
1536 3896 1660 3972 FB
1686 3901 1745 3972 ·'a
1774 3895 2208 4003 segmentis
2246 3898 2759 4006 interipsum
2794 3903 2852 3980 F
2887 3921 2966 3981 et
2995 3901 3184 3982 dum

428 4038 738 4145 reliqua
771 4035 1077 4141 punQa
1110 4033 1203 4130 E,
1236 4033 1329 4129 B,
1375 4029 1601 4135 quod
1635 4029 1774 4110 fiet
1808 4059 1959 4136 ope

428 4177 659 4279 Prop.
712 4172 847 4254 62.
958 4166 1363 4266 Secundi),
1415 4163 1511 4246 fit
1554 4167 1959 4271 punitum
2091 4149 2172 4224 A
2239 4149 2330 4226 H
2503 4095 2514 4106 ο
2585 4147 2679 4228 G
2793 4149 2860 4228 C
2927 4149 2988 4230 F
3097 4149 3170 4232 B

2094 4283 3169 4329 -ὲ--ῑ--ι-Ι--Ι--ι-

430 4309 549 4390 E
526 4335 619 4390 m
658 4308 803 4406 G·
875 4303 1269 4412 quoniam
1315 4302 1571 4409 igitur
1614 4303 1804 4382 data
1850 4303 1961 4382 est
2095 4405 2106 4416 ·
2601 4332 2670 4414 E

425 4445 632 4526 ratio
668 4440 1119 4550 refflnguli
1152 4441 1331 4540 HF,
1369 4439 1539 4539 FG,
1587 4435 1745 4519 five
1780 4441 1957 4540 HF,

1670 4575 1751 4654 O
1796 4602 1847 4656 o
