4109 5609
923 445 1110 530 ,542
1547 413 1758 496 ”DE
1855 413 3068 503 1³·01zIsMA-r113u3.

937 642 1136 723 data
1169 636 1350 738 erit,
1401 663 1495 717 ex
1529 633 1979 746 hypothefi,
2029 635 2352 716 summa
2389 635 2979 742 quadratorum
3014 665 3107 717 ex
3144 635 3495 721 absciffis
3532 643 3701 738 ΚΕ,

942 781 1120 860 LD.
1221 779 1618 857 Occurrat
1651 766 1799 854 FH
1835 772 2535 856 circumferentiae
2567 776 2839 856 rursus
2876 776 2969 856 in
3002 777 3131 875 M,
3196 795 3273 855 et
3307 774 3707 885 jungatur

941 917 1128 996 GM
1163 941 1374 1022 quae
1406 912 1804 994 diametro
1839 931 2210 994 occurrat
2247 911 2335 990 in
2370 913 2492 1010 N3
2564 913 2838 993 rursus
2878 912 3161 1021 igitur,
3214 913 3611 1020 quoniam
3658 943 3701 992 a

939 1053 1270 1161 punctis
1307 1052 1394 1152 F,
1431 1051 1516 1131 G
1549 1047 1890 1132 inflexae
1924 1050 2112 1130 sunt
2146 1049 2332 1149 FM,
2360 1049 2545 1131 GM
2580 1051 2687 1130 ad
2720 1049 3467 1131 circumferentiam
3503 1079 3706 1158 quae

945 1190 1434 1272 abscindunt
1467 1187 1876 1297 segmenta
1913 1188 2089 1287 ΚΕ,
2124 1189 2283 1266 ND
2320 1186 2647 1295 punctis
2694 1189 2791 1288 E,
2826 1188 2905 1267 D
2952 1187 3431 1294 adjacentia,
3480 1189 3703 1267 sum-

944 1353 1085 1410 ma
1129 1327 1720 1436 quadratorum
1753 1352 1849 1405 ex
1884 1327 2061 1427 KE,
2098 1325 2259 1405 ΝΙ)
2294 1323 2443 1406 erit
2476 1325 2697 1425 data,
2760 1345 2837 1406 et
2882 1346 3299 1433 propterea
3346 1326 3699 1433 aequalis

941 3786 1318 3868 summae
1349 3773 1938 3888 quadratorum
1975 3803 2070 3856 ex
2104 3774 2283 3874 ΚΕ,
2318 3773 2493 3854 LD.
2558 3768 3097 3884 ‚Qadratum
3133 3765 3391 3876 igitur
3422 3793 3520 3848 ex
3552 3772 3695 3850 ΝΙ)

947 3921 1287 4032 aequale
1330 3917 1482 4000 erit
1527 3915 1924 4026 quadrato
1969 3941 2067 3994 ex
2107 3913 2288 4012 DL,
2350 3931 2429 3992 et
2472 3909 2691 3990 resta
2733 3907 2893 3986 ND
2940 3903 3293 4013 aequalis
3340 3904 3491 4012 ipfi
3532 3909 3693 3988 DL.

951 4059 1285 4144 constat
1317 4057 1572 4166 igitur
1605 4055 1910 4160 puncia
1940 4055 2028 4152 F,
2068 4051 2153 4130 G
2188 4048 2401 4130 hanc
2436 4045 2733 4130 habere
2778 4041 3317 4142 affectionem,
3379 4065 3479 4124 ut
3508 4043 3569 4124 fi
3598 4044 3692 4124 ab

951 4202 1207 4284 altero
1239 4195 1602 4304 ipsorum
1635 4191 1694 4271 F
1727 4189 2079 4272 ducatur
2120 4187 2455 4297 quaevis
2498 4185 2717 4266 reosta
2758 4211 2965 4290 quae
3012 4180 3697 4264 circumferentiae

949 4334 1312 4424 occurrit
1341 4333 1433 4414 in
1465 4334 1584 4432 H,
1621 4331 1749 4430 M,
1787 4328 2083 4410 duetae
2114 4355 2163 4407 a
2196 4323 2511 4432 reliquo
2546 4323 2753 4422 GH,
2768 4321 2955 4400 GM
2988 4319 3465 4402 abscindens:
3498 4350 3547 4400 a
3574 4318 3697 4400 di-

759 4473 805 4536 ’-
951 4495 1272 4560 ametro
1301 4472 1716 4583 segmenta
1747 4463 2117 4577 aequalia
2147 4463 2327 4566 LD,
2362 4463 2521 4545 DN
2556 4461 2751 4543 dato
2784 4461 3095 4566 puncto
3124 4460 3203 4538 D
3238 4457 3697 4564 adjacentia.
