4109 5609
1079 421 1262 502 DE
1363 417 2567 504 PORISMATIBUS.
3034 443 3201 528 537

1255 641 1314 718 P
1383 642 1456 719 R
1527 641 1604 719 O
1673 639 1758 720 P.
1895 637 2357 720 LXXXIII.

1243 841 1477 957 Qae
1513 843 1622 922 cst
1655 841 2030 922 Fermatii
2067 863 2382 947 quarta.

443 1060 503 1098 ‘⁴
553 1053 748 1134 SIT
791 1049 1142 1130 circulus
1190 1045 1420 1150 cujus
1466 1045 1856 1124 diameter
1901 1047 2043 1122 AB
2094 1041 2476 1149 pofit‘ione
2511 1068 2589 1126 et
2624 1046 3199 1155 magnitudine

443 1196 500 1232 “
549 1191 740 1268 data
774 1187 912 1285 est,
973 1205 1052 1262 et
1085 1183 1176 1262 in
1208 1155 1352 1262 AB
1390 1182 1578 1261 data
1613 1179 1766 1258 fint
1801 1180 1968 1259 duo
2015 1185 2317 1286 puncta
2364 1184 2802 1288 aequaliter
2836 1213 2882 1262 a
2920 1206 3197 1266 centro

443 1303 510 1368 “'
554 1323 985 1420 distantia3
1058 1321 1250 1398 data
1294 1339 1532 1400 erunt
1577 1318 1736 1396 alia
1781 1317 1945 1396 duo
1995 1321 2297 1422 puncta
2345 1349 2391 1398 a
2438 1320 2739 1426 quibus
2777 1319 2835 1400 fi
2881 1322 2982 1400 ad
3030 1322 3195 1402 cir-

443 1466 505 1505 ‘⁶
555 1457 1180 1542 cumferentiam
1223 1477 1644 1562 utcunque
1686 1452 2213 1534 inflectantur
2258 1457 2467 1535 duae
2512 1459 2799 1556 rectae,
2872 1457 3197 1540 abscin-

441 1602 497 1640 “
548 1579 748 1677 dent
794 1597 944 1674 hae
974 1593 1159 1686 ‚duo
1205 1593 1615 1702 segmenta
1661 1590 2038 1670 diametri
2087 1591 2294 1672 datis
2342 1593 2667 1698 punctis
2716 1594 3193 1699 adjacentia,

445 1736 504 1778 ιι
557 1760 912 1841 quorum
950 1731 1271 1838 summa
1304 1729 1890 1836 quadratorum
1924 1727 2115 1806 da'ta
2148 1727 2375 1812 erit.''

581 2007 781 2089 CAs.
833 2031 898 2088 1.
971 2002 1328 2118 Qando
1363 2003 1529 2082 duo
1563 2003 1866 2109 puncta
1903 2001 2091 2080 data
2128 2003 2313 2082 sunt
2351 1997 2589 2107 ipfius
2628 2001 3006 2083 diametri
3038 2024 3197 2084 ter·

443 2143 680 2224 mini.

582 2283 782 2360 Puta
816 2279 1168 2359 Porisma
1205 2303 1488 2355 verum
1523 2273 1698 2377 effe,
1763 2297 2004 2382 atque
2049 2276 2355 2382 puncta
2400 2277 2492 2379 C,
2534 2281 2611 2356 D
2658 2305 2749 2358 ea
2794 2275 2941 2359 effe
2990 2305 3197 2387 quae
3234 2280 3409 2346 Vide
3433 2279 3545 2366 fig.
3566 2279 3637 2344 in

441 2415 928 2497 invenienda
964 2413 1176 2496 sunt.
1245 2412 1506 2521 Igitur
1540 2411 1856 2492 inflexis
1895 2435 2314 2520 utcunque
2340 2417 2500 2514 CE,
2518 2417 2665 2493 DE
2702 2415 2805 2494 ad
2841 2416 3199 2498 circum·-
3234 2381 3637 2548 fgeffigfae‘

443 2551 876 2633 ferentiam
911 2553 1002 2630 in
1038 2552 1131 2652 E,
1171 2577 1378 2655 quae
1411 2549 1806 2629 diametro
1840 2552 1981 2628 AB
2018 2549 2108 2628 in
2146 2553 2229 2649 F,
2254 2551 2337 2630 G
2376 2551 2697 2655 punctis
2734 2575 3196 2655 occurrant,

447 2691 768 2769 summa
805 2689 1390 2794 quadratorum
1425 2714 1518 2765 ex
1551 2687 1740 2786 AG,
1761 2689 1914 2785 FB,
1955 2713 2048 2764 ex
2084 2685 2503 2793 hypothefi
2538 2687 3022 2792 porismatis,
3063 2720 3201 2772 ae·-

447 2815 712 2939 qualis
751 2825 901 2904 erit
937 2824 1192 2930 spatio
1228 2823 1444 2905 dato,
1539 2819 1862 2902 Inflexis
1901 2844 2175 2901 autem
2212 2825 2380 2923 CA,
2420 2817 2575 2902 DA
2612 2824 2716 2903 ad
2751 2827 3201 2908 terminum

449 2961 854 3061 diametri,
907 2963 1049 3040 CA
1085 2959 1346 3038 aufert
1379 2960 1704 3042 nullum
1738 2959 2274 3068 segmentum,
2324 2961 2479 3040 DA
2526 2987 2713 3040 vero
2760 2961 3025 3042 aufert
3068 2962 3203 3069 ip-

356 3141 364 3148 ·
441 3099 632 3180 sum
669 3097 1206 3194 diametrum3
1281 3122 1531 3201 quare
1575 3097 2069 3202 quadratum
2118 3123 2212 3174 ex
2256 3095 2653 3176 diametro
2700 3098 2810 3176 est
2853 3097 3205 3203 spatium

445 3235 657 3315 illud
715 3235 1004 3314 datum
1049 3232 1184 3312 cui
1229 3232 1546 3310 summa
1593 3233 2177 3338 quadratorum
2223 3259 2315 3310 ex
2358 3232 2788 3340 segmentis
2852 3235 2957 3314 ab
3016 3232 3201 3342 ipfis

451 3373 610 3471 CE,
647 3373 822 3469 DE,
863 3370 1136 3449 aliisve
1169 3365 1486 3448 inflexis
1524 3366 1896 3466 abscifliS,
1948 3363 2185 3447 debet
2220 3367 2367 3448 effe
2402 3369 2781 3475 aequalis,
2888 3372 3202 3452 Occur-

451 3529 580 3586 rat
613 3509 858 3586 altera
891 3504 1377 3585 infiexarum
1410 3505 1544 3582 CE
1579 3504 2273 3585 circumferentiae
2307 3506 2579 3584 rursus
2616 3504 2703 3584 in
2739 3507 2857 3607 H,
2894 3535 2928 3613 J
2937 3531 3202 3616 unga-

451 3666 590 3750 tur
621 3645 793 3722 DH
831 3665 909 3722 et
945 3642 1336 3746 producta
1370 3664 1738 3721 occurrat
1771 3639 1916 3746 ipfi
1947 3643 2091 3719 AB
2138 3640 2229 3718 in
2274 3643 2377 3724 K.
2482 3641 2905 3757 Qoniam
2948 3643 3205 3752 igitur

458 3811 502 3860 a
547 3779 872 3885 punc'tis
921 3781 1012 3878 C,
1061 3782 1141 3857 D
1188 3775 1526 3856 inflexae
1572 3777 1759 3856 sunt
1805 3777 2002 3876 CH,
2041 3779 2226 3857 DH
2276 3778 2380 3857 ad
2431 3779 3202 3882 circumferentiam,

455 3945 664 4024 quae
698 3917 1093 3996 diametro
1127 3916 1269 3993 AB
1306 3914 1396 3992 in
1432 3916 1516 4012 F,
1537 3917 1616 3994 K
1639 3936 2106 4014 occurrunt,
2146 3913 2325 4013 erit,
2364 3942 2459 3993 ex
2494 3915 2942 4022 hypothefi,
2979 3917 3209 3998 sum-

457 4081 594 4133 ma
635 4053 1226 4160 quadratorum
1269 4079 1366 4130 ex
1407 4049 1840 4159 segmentis
1887 4053 2071 4149 KA,
2112 4051 2234 4129 FB
2283 4051 2637 4157 aequalis
2684 4050 2937 4158 spatio
2983 4033 3207 4155 dato,
3358 4053 3371 4060 ’

459 4191 856 4297 quadrato
914 4187 1212 4270 scilicet
1259 4215 1354 4267 ex
1398 4187 1583 4286 AB,
1647 4185 1782 4268 cui
1826 4187 2071 4266 etiam
2118 4187 2436 4266 summa
2482 4188 3069 4295 quadratorum
3114 4215 3212 4270 ex

459 4329 648 4426 AG,
699 4329 822 4404 FB
870 4327 980 4406 est
1025 4325 1404 4431 aequaIiS.
1518 4323 2038 4436 Qadratum
2084 4323 2340 4433 igitur
2382 4352 2477 4404 ex
2521 4326 2681 4406 ΑΚ
2724 4326 3054 4432 aequale
3098 4325 3213 4405 est

455 4463 856 4569 quadra-to
889 4491 986 4560 ex
1017 4462 1208 4562 AG,
1272 4483 1350 4543 ct
1385 4463 1598 4544 recta
1628 4464 1789 4542 ΑΚ
1821 4460 2177 4567 aequalis
2213 4458 2359 4567 ipfi
2390 4464 2578 4546 AG.
2682 4460 3213 4542 Manifestum

1710 4599 1988 4706 ΥΠ
