4109 5609
1012 408 1517 491 LIBER
1629 406 2556 493 SECUNDUS.
3010 436 3161 523 173

410 656 515 713 ut
558 632 811 739 igitur
857 630 1435 739 restangulum
1460 627 1687 709 ‘AER
1734 626 1841 706 ad
1882 628 2452 737 reelangulum
2497 628 2742 730 CED,
2787 626 2908 711 ita
2951 656 3166 739 qua-

398 770 739 851 dratum
774 796 871 847 ex
906 766 1050 847 FG
1087 766 1193 846 ad
1226 764 1727 873 quadratum
1758 792 1855 845 ex
1890 766 2061 848 CD.
2140 766 2443 871 >Estque
2475 766 2929 877 refflmguli
2947 840 2952 845 .
2971 764 3168 875 qui-

409 908 601 987 dem
634 906 851 985 AEB
896 904 1007 982 ad
1048 902 1619 1011 rufiangulum
1652 902 1865 981 CED
1910 898 2336 1012 fingularis
2383 923 2464 985 et
2505 901 2862 985 minima
2900 905 3164 1005 ratio;

410 1046 629 1125 reeta
664 1070 857 1121 vero
894 1041 1109 1119 linea
1141 1041 1351 1119 FEG
1388 1040 1697 1121 constat
1730 1066 1827 1119 ex
1870 1066 1963 1121 ea
1998 1040 2141 1119 FN.
2181 1067 2391 1147 quae
2436 1040 2692 1146 potest
2731 1042 3172 1152 rediangu-

410 1182 589 1262 lum
624 1180 799 1279 AC,
838 1180 1015 1276 BD,
1068 1200 1149 1257 et
1178 1204 1277 1257 ex
1309 1205 1401 1257 ea
1432 1178 1843 1284 Nunae
1877 1176 2134 1283 potest
2164 1176 2740 1286 restangulum
2779 1178 2968 1279 AD,
3005 1178 3170 1263 BC.

412 1320 627 1400 ratio
676 1316 935 1425 igitur
974 1312 1403 1423 singularis
1464 1335 1545 1394 et
1600 1312 1980 1414 minima,
2052 1313 2335 1395 eadem
2381 1316 2492 1395 est
2535 1342 2748 1423 quae
2790 1312 3174 1423 quadrati

408 1458 677 1537 rmstae
720 1453 979 1533 lineae
1015 1479 1223 1558 quae
1260 1450 1567 1533 constat
1602 1480 1697 1531 ex
1731 1478 1824 1531 ea
1860 1478 2072 1557 quae
2103 1452 2357 1559 potest
2389 1452 2961 1565 reetangulum
2991 1453 3168 1554 AC,

414 1594 593 1691 BD,
644 1612 725 1671 et
771 1618 867 1670 ex
910 1616 1004 1667 ea
1049 1616 1259 1696 quae
1304 1588 1561 1697 potest
1598 1588 2174 1699 refi'tangulum
2215 1590 2402 1691 AD,
2451 1590 2616 1691 BC,
2665 1588 2774 1671 ad
2817 1588 3178 1699 quadra·

410 1752 603 1809 tum
648 1756 747 1809 ex
790 1728 961 1811 CD.

550 2006 830 2110 Atque
864 2000 1061 2083 haec
1096 1998 1207 2081 est
1240 1996 1484 2109 ipfius
1518 1996 1936 2107 Apollonii
1966 1999 2586 2102 Determinatio,
2633 1998 2962 2111 ejusque
3003 2002 3176 2083 De-

416 2138 927 2239 monstratio,
998 2164 1303 2245 magno
1363 2137 1703 2244 quidem
1758 2136 2198 2219 Geometra
2243 2136 2525 2247 digna,
2597 2166 2802 2247 quas
2853 2142 3174 2246 Pappus

418 2277 769 2360 servavit
810 2275 905 2357 in
950 2278 1182 2380 Prop.
1210 2273 1357 2359 62.
1400 2270 1637 2355 Libri
1678 2271 1803 2353 sui
1846 2272 2199 2380 septimi,
2249 2302 2505 2382 quam
2549 2272 3180 2384 Propofitionem

420 2412 819 2523 pertinaci
877 2410 1491 2519 investigatione
1534 2410 1669 2491 hic
1718 2411 1821 2489 -in
1878 2410 2308 2517 pristinam
2351 2412 2907 2523 integritatem
2947 2414 3179 2496 resti-⁴

424 2553 770 2635 tuimus.
830 2550 1207 2630 Multum
1240 2548 1463 2628 enim
1496 2547 1931 2654 depravata
1963 2548 2316 2629 habetur
2346 2550 2436 2629 in
2473 2550 2892 2634 codicibus
2919 2552 3178 2633 Grae*

416 2690 569 2792 εἰς,
630 2710 731 2769 ut
766 2687 1190 2795 pleraeque
1224 2684 1477 2793 Pappi
1511 2682 2088 2791 Propofitiones
2135 2685 2702 2768 Librariorum
2744 2688 3064 2795 incuria
3099 2710 3180 2769 et

427 2824 924 2938 ignorantia-
1004 2824 1255 2903 Unde
1282 2822 1709 2904 Feder'icus
1754 2822 2436 2923 CommandinuS,
2486 2824 2634 2932 qui
2679 2825 2772 2905 in
2815 2844 3186 2905 veterum

424 2966 1061 3045 Geometrarum
1094 2959 1438 3067 scriptis,
1476 2958 1939 3067 praesertim
1973 2957 2312 3067 quidem
2346 2962 2597 3067 Pappi
2619 2960 3181 3063 Alexandrini,

422 3096 1015 3199 maculandis,
1062 3097 1513 3179 maximam
1550 3117 1629 3177 et
1661 3093 2168 3177 utiliffimam
2193 3096 2586 3179 adhibuit
2629 3098 3177 3255 dulgentiam,

426 3239 699 3319 bonus
734 3234 926 3317 licet
952 3234 1426 3334 Geometra,
1470 3228 2102 3339 Propofitionem
2135 3233 2348 3315 hanc
2381 3234 2794 3317 restituere
2835 3236 3186 3317 minime

426 3373 729 3483 potuit.
779 3369 1367 3453 Commentarii
1402 3370 1627 3451 enim
1659 3368 1949 3476 prolixi
1981 3398 2192 3479 quos
2227 3370 2320 3450 in
2353 3398 2535 3451 eam
2568 3369 2873 3479 stripfit
2897 3374 3004 3453 ad
3023 3398 3186 3453 no-

428 3536 551 3593 tas
596 3512 693 3593 in
738 3507 1113 3619 margine
1156 3507 1254 3608 Z,
1302 3532 1384 3608 a,
1430 3498 1513 3607 β,
1562 3506 1773 3587 nihil
1831 3504 1939 3587 ad
1996 3534 2171 3589 rem
2215 3506 2592 3609 faciunt,
2635 3507 3034 3616 quoniam
3063 3509 3188 3591 a‘d

426 3670 752 3731 textum
782 3645 1041 3753 Pappi
1082 3664 1561 3751 corruptum
1605 3642 2180 3753 explicandum
2214 3646 2726 3749 adferuntur,
2787 3646 2948 3755 qui
2985 3647 3190 3755 qni-

425 3788 652 3889 dem,
720 3805 826 3866 ut
866 3782 1221 3865 habetur
1276 3780 1371 3862 in
1428 3780 2015 3861 Commandini
2077 3778 2428 3863 verfione
2483 3804 2566 3863 et
2612 3784 3189 3893 manuscriptis

430 3920 803 4023 Graecis,
842 3918 1223 4027 explicari
1244 3916 1591 3999 minime
1614 3918 1893 4025 potest.
1962 3918 2156 3999 Non
2179 3916 2404 3998 enim
2437 3919 2660 4035 hunc
2695 3922 2973 4003 locum
3008 3950 3192 4003 cor-

434 4082 784 4169 ruptum
816 4054 967 4139 esse
1002 4055 1333 4139 videbat
1366 4054 2047 4156 Commandinus,
2083 4054 2238 4160 qui
2281 4054 2372 4136 in
2418 4054 2596 4137 aliis
2643 4056 2842 4139 locis
2887 4082 3192 4139 manu-
3336 4120 3351 4125 -

434 4198 835 4305 scriptum
866 4214 1351 4303 corruptum
1384 4189 1535 4273 effe
1566 4212 1802 4300 putat
1838 4191 2170 4300 quando
2203 4190 2518 4301 integer
2552 4192 2692 4295 est,
2759 4214 2840 4275 et
2873 4192 3195 4302 inqui-

432 4335 789 4417 ·busdam
822 4332 1020 4415 locis
1058 4330 1465 4439 quaedam
1496 4335 1595 4411 u‘t
1626 4330 2208 4436 supervacanea
2243 4329 2581 4431 omittit,
2613 4358 2822 4439 quae
2855 4329 3194 4438 quidem

436 4468 869 4557 neeeffaria
900 4470 1119 4557 sunt.
1228 4470 1337 4552 Et
1381 4466 1721 4580 quidem
1762 4467 2194 4549 materiam
2238 4466 2452 4550 hanc
2497 4494 2669 4550 non
2713 4467 2903 4552 satis
2947 4467 3192 4551 intel·-
