4109 5609
870 423 1041 510 324
1404 397 1683 478 ·DE
1782 397 3002 490 PORISMATIBUS.

1008 613 1369 698 Porisma
1420 615 1669 698 etiam
1726 615 1819 698 in
1862 617 2133 700 forma
2177 617 2708 704 Problematis
2755 620 3167 704 enuntiari
3213 623 3496 730 potest,
3563 621 3624 704 fi

871 753 1275 842 nimirum
1320 779 1413 834 ea
1456 780 1683 863 quae·
1710 755 1903 836 data
1944 756 2574 838 demonstranda
2617 756 2835 859 sunt,
2897 759 3386 840 invenienda
3432 789 3623 867 pro-

867 911 1307 998 ponantur.

1006 1029 1117 1111 V.
1185 1027 1453 1108 Locus
1488 1027 1597 1108 est
1630 1027 2068 1134 Propofitio
2101 1029 2194 1110 in
2242 1059 2408 1138 qua
2452 1029 2950 1138 propofitum
2993 1031 3106 1110 est
3151 1031 3431 1110 datam
3475 1029 3628 1112 effe

868 1165 1442 1265 demonstrare,
1476 1166 1607 1245 vel
1638 1165 2003 1246 invenire
2036 1165 2339 1246 lineam
2375 1187 2516 1248 aut
2548 1165 3054 1275 superficiem
3086 1167 3319 1273 cuju·s
3355 1167 3626 1275 quod-

870 1302 1074 1384 libet
1123 1303 1557 1408 punstum,
1635 1303 1763 1382 vel
1812 1301 2320 1408 superficiem
2357 1303 2468 1382 in
2513 1333 2680 1414 qua
2723 1303 3134 1411 quaelibet
3177 1303 3391 1384 linea
3437 1305 3628 1384 data

872 1439 1049 1550 lege
1092 1437 1518 1545 descripta,
1576 1465 2109 1520 communem
2155 1442 2576 1548 quandam
2619 1441 2867 1522 habet
2912 1440 3490 1547 proprietatem
3533 1442 3627 1521 in

870 1573 1411 1684 Propofitione
1444 1575 1952 1683 descriptam.

884 1752 893 1760 ·
1007 1711 1259 1793 Unde
1284 1713 1538 1820 patet,
1581 1714 1806 1820 quod
1842 1707 2161 1819 Pappus
2197 1709 2591 1813 affirmat,'
2613 1713 2868 1793 Locos
2906 1711 3248 1819 speciem
3283 1711 3433 1792 effe
3467 1717 3626 1794 Po-

874 1848 1269 1950 rismatis;
1310 1869 1407 1934 et.
1422 1850 1885 1932 communis
1922 1847 2239 1931 affefflo
2274 1877 2484 1958 quae
2516 1849 2618 1930 de
2652 1849 2980 1956 punctis
3015 1869 3158 1929 aut
3193 1849 3426 1930 lineis
3453 1850 3626 1931 his-

876 2015 969 2070 ce
1024 1987 1651 2068 demonstranda
1710 1987 2219 2093 proponitur,
2263 1983 2404 2067 'est
2446 2013 2541 2066 ea
2585 1987 2868 2067 omnia
2911 1984 3056 2064 fita
3099 1982 3250 2065 effe
3307 1987 3398 2066 in
3455 2015 3624 2068 una

876 2125 1241 2234 quadam
1273 2125 1487 2204 linea
1520 2143 1664 2204 aut
1695 2120 2139 2230 superficie,
2190 2149 2402 2232 quae
2436 2121 2774 2230 quidem
2807 2121 3296 2202 invenienda
3332 2123 3469 2205 est.

900 2303 909 2310 ·
1012 2259 1247 2342 Aliae
1304 2280 1579 2342 autem
1636 2257 2208 2366 propofitiones
2269 2259 2360 2340 in
2418 2259 2722 2366 quibus
2781 2257 3263 2366 proponitur
3309 2259 3625 2366 aliquid

880 2397 1454 2499 demonstrare,
1502 2417 1645 2477 aut
1688 2397 2081 2499 invenire,
2133 2417 2444 2503 praeter
2487 2423 2618 2478 eas
2665 2422 2874 2503 quae
2915 2397 3131 2475 Data
3157 2416 3320 2476 aut
3363 2395 3630 2476 Poris-⁶

882 2555 1105 2620 mata
1138 2533 1356 2640 sunt,
1402 2531 1868 2644 fimpliciter
1900 2533 2439 2619 Theoremata
2474 2553 2618 2617 aut
2649 2531 3155 2617 Problemata
3199 2551 3626 2616 vocantur.
