4109 5609
922 416 1017 469 20
1698 382 2881 465 AERENDIX.

918 576 1011 639 lus
1035 578 1187 640 ΓΕΒ
1206 574 1461 661 aequalis
1478 575 1585 661 ipsi
1606 578 1798 652 FAE3
1849 589 1911 638 et
1928 572 2013 638 est
2034 572 2284 658 angulus
2302 574 2480 660 0913
2503 569 2762 655 aequalis
2787 568 3010 656 angulo
3033 570 3204 634 FAD
3233 568 3342 654 qui
3365 568 3562 635 minor
3581 568 3668 636 est

916 673 1041 755 ipso
1060 676 1239 746 FAE,
1273 694 1457 757 quare
1474 676 1723 759 angulus
1742 676 1919 757 QDB
1946 673 2140 735 minor
2155 669 2241 735 est
2263 671 2484 753 angulo
2505 672 2683 735 FEB.
2755 674 2838 732 Et
2858 670 3052 733 minor
3073 666 3160 733 est
3184 670 3354 731 BDE
3375 669 3670 733 exteriore

919 775 1119 846 BEC;
1174 786 1333 835 totus
1356 775 1538 856 igitur
1558 775 1737 857 QE
1767 774 1960 833 minor
1991 768 2078 833 est
2104 782 2233 833 noto
2259 771 2414 832 FEC
2435 768 2554 831 hoc
2574 766 2660 831 est
2683 766 2905 851 angulo
2922 766 3108 832 recio.
3157 768 3458 850 Qoniam
3482 767 3668 849 igitur

920 867 1165 933 obtusus
1196 863 1279 933 est
1314 870 1565 953 angulus
1596 871 1789 955 QP.
1824 869 2080 932 circulus
2111 881 2314 931 centro
2344 868 2555 950 Qper
2587 868 2656 929 D·
2682 863 3010 949 descriptus
3037 878 3308 929 occurret
3339 862 3532 929 reffle
3561 866 3670 929 BP

920 968 1074 1029 intra
1104 968 1389 1049 angulum
1412 970 1609 1055 QP.
1662 970 1951 1031 Occurrat
1968 968 2030 1028 ei
2052 967 2114 1029 in
2139 965 2182 1027 d
2207 978 2267 1027 et
2287 963 2384 1028 Ad
2396 964 2703 1047 jungatur.
2753 960 2860 1027 Est
2881 965 3064 1047 igitur
3094 984 3202 1046 per
3224 965 3406 1045 Prop.
3430 978 3497 1027 α.
3523 961 3667 1027 Lib.

924 1082 992 1129 2.
1026 1062 1103 1127 de
1126 1066 1302 1127 Locis
1322 1065 1527 1147 planis,
1560 1068 1711 1129 ratio
1733 1066 1826 1125 Ad
1860 1063 1935 1125 ad
1968 1062 2064 1123 Bd
2097 1062 2302 1125 eadem
2329 1062 2540 1125 rationi
2558 1061 2775 1125 ADad
2798 1064 2950 1137 BD;
2985 1059 3322 1127 ostendetur
3351 1073 3585 1123 verout
3605 1062 3672 1124 in

920 1162 1236 1244 praemiffis
1262 1164 1543 1226 rationem
1576 1161 1677 1225 Ad
1706 1159 1784 1222 ad
1816 1160 1911 1223 Bd
1938 1163 2218 1240 majorem
2248 1158 2360 1223 esse
2391 1160 2614 1223 ratione
2646 1161 2762 1223 Al>
2785 1158 2863 1221 ad
2893 1162 3016 1235 PB,
3050 1178 3235 1241 quare
3265 1158 3418 1221 ratio
3438 1160 3559 1219 AD
3591 1156 3670 1220 ad

918 1262 1039 1323 BD
1063 1262 1288 1325 ratione
1319 1262 1427 1324 ΑΡ
1448 1260 1523 1323 ad
1558 1264 1657 1324 PB
1682 1258 1869 1338 major
1899 1256 2004 1323 est.
2079 1259 2358 1323 Similiter
2377 1255 2534 1320 idem
2557 1254 2900 1321 ostendetur
2931 1256 2977 1319 fi
3011 1254 3230 1338 panna
3261 1258 3348 1327 D,
3381 1252 3671 1318 Pfuerint

918 1356 1077 1421 inter
1110 1360 1186 1432 E,
1235 1360 1291 1421 Ο
1328 1358 1566 1441 puoch,
1598 1376 1661 1420 et
1692 1358 1751 1419 D
1787 1358 2027 1438 propius
2061 1354 2170 1437 ipsi
2203 1360 2256 1417 E
2293 1374 2477 1439 quam
2515 1356 2585 1421 P.
2671 1357 2733 1419 Si
2765 1368 2964 1417 autem
2995 1356 3059 1419 iu
3089 1353 3206 1417 hoc
3235 1350 3370 1418 casu
3399 1352 3672 1417 inciderit

892 1456 1213 1537 'punitum
1234 1456 1280 1519 P
1304 1459 1365 1520 in
1384 1452 1463 1528 Ο,
1486 1457 1613 1537 jam
1635 1452 1922 1519 ostensum
1942 1452 2023 1517 est
2046 1452 2342 1535 punctum
2357 1456 2415 1517 0
2433 1449 2624 1517 faeere
2647 1453 2936 1517 rationem
2951 1451 3354 1535 aequalitatis3
3377 1450 3670 1533 punctum

918 1566 1121 1633 autem
1143 1552 1543 1635 quodcunque
1566 1556 1626 1617 in
1651 1554 1761 1615 CO
1788 1550 2076 1633 producta
2093 1547 2283 1614 facere
2305 1552 2594 1614 rationem
2617 1550 2853 1629 majoris
2871 1549 2948 1611 ad
2973 1552 3190 1613 minus.
3627 1630 3634 1635 ,

1018 1652 1079 1712 si
1106 1666 1305 1715 autem
1338 1646 1598 1713 sumatur
1622 1650 1911 1732 punctum
1943 1652 1994 1711 E
2018 1650 2080 1711 in
2112 1647 2219 1731 fig.
2258 1666 2323 1713 2.
2361 1646 2524 1729 quod
2559 1646 2703 1711 facit
2733 1648 3019 1711 rationem
3053 1648 3374 1719 minimam,
3408 1643 3670 1711 similiter

914 1744 1254 1810 ostendetur
1279 1749 1499 1831 puncta
1530 1746 1635 1829 ipfi
1671 1748 1947 1829 propiora
1978 1742 2171 1809 facere
2201 1748 2454 1809 rationes
2490 1748 2744 1809 minores
2777 1764 2956 1827 quam
2990 1744 3210 1827 puncia
3243 1746 3559 1807 remotiora
3589 1743 3672 1807 ad

916 1843 1192 1927 utrasque
1240 1844 1421 1928 ipsius
1461 1849 1515 1907 E
1554 1858 1786 1929 partes3
1830 1856 1992 1927 patet
2030 1844 2215 1926 igitur
2247 1842 2555 1926 quomodo
2585 1844 2840 1907 rationes
2871 1842 3118 1922 majores
3150 1856 3256 1905 aut
3295 1842 3552 1905 minores
3589 1840 3666 1905 fi-

916 1957 1045 2007 unt.
1186 1986 1203 2003 .
1243 1947 1316 2007 E.
1352 1945 1438 2007 D.

1014 2042 1097 2105 N.
1120 1947 1226 2105 ξ’
1259 2037 1441 2103 Casus
1460 2042 1521 2103 in
1542 2060 1669 2123 quo
1691 2038 1911 2125 pausia
1941 2040 2026 2111 A,
2054 2042 2106 2101 B
2142 2034 2374 2103 suntad
2397 2034 2648 2105 diversas
2671 2053 2862 2125 partes
2885 2036 3093 2123 puncti
3120 2038 3172 2099 C
3197 2035 3460 2103 limiliter
3483 2034 3666 2102 ibloe·

917 2151 1015 2203 tur
1037 2139 1277 2203 mutatis
1294 2137 1610 2205 mutandis-
2511 2140 2514 2143 ’

918 2434 1187 2495 INTER
1221 2431 1525 2493 Lemmata
1547 2431 1733 2515 Pappi
1755 2430 2136 2495 Alexandrini
2167 2450 2321 2514 quae
2351 2432 2412 2495 in
2435 2430 2592 2496 libro
2621 2426 2868 2517 septimo
2889 2430 3430 2497 mathematicamm
3451 2430 3664 2497 collec-

920 2530 1154 2592 tionum
1191 2525 1365 2612 (quas
1394 2528 1591 2593 adhuc
1622 2526 1868 2593 servatas
1898 2530 2012 2593 ess'e
2041 2528 2296 2612 gaudere
2329 2528 2507 2593 debet
2529 2526 2795 2614 quisquis
2819 2545 3102 2603 veterum,
3137 2528 3255 2593 boc
3283 2528 3370 2593 est
3399 2549 3570 2593 verae
3599 2544 3663 2594 et

916 2629 1205 2709 genuinae
1246 2622 1573 2707 analysaeos
1602 2628 1989 2710 geometricae
2020 2624 2106 2691 est
2141 2626 2416 2709 cupidus)
2465 2626 2702 2692 tradidit
2733 2627 3180 2713 elegantiffimus
3213 2628 3452 2701 author,
3499 2642 3665 2691 extat

864 2724 871 2729 ’
916 2724 1222 2805 problema
1257 2725 1319 2787 in
1360 2724 1685 2789 Tastiones
1720 2722 2042 2805 Apollonii,
2094 2720 2174 2788 sc.
2208 2725 2268 2786 in
2299 2723 2704 2806 Propofitioue
2748 2728 3006 2792 CXVII.
3052 2726 3194 2792 Lib.
3229 2743 3300 2809 7.
3353 2747 3483 2810 quo
3523 2746 3660 2809 pro-

916 2820 1171 2885 blemate
1202 2822 1540 2904 requiritur,
1575 2837 1644 2885 ut
1674 2823 1896 2885 circulo
1927 2818 2049 2903 poli
2058 2822 2212 2885 tione
2243 2820 2406 2897 dato,
2439 2836 2504 2883 et
2533 2822 2683 2885 datis
2717 2823 2906 2886 tribus
2939 2824 3174 2907 punctis
3205 2826 3268 2887 in
3297 2823 3458 2887 reeta
3487 2822 3665 2899 linea,

916 2918 1215 2985 inflestere
1237 2941 1272 2982 a
1296 2919 1531 2994 duobus
1552 2920 1787 3003 punctis
1820 2919 1966 2981 duas
1998 2918 2186 2981 rectas
2219 2918 2294 2981 ad
2325 2916 2870 2993 circumferentiam,
2902 2935 2966 2984 et
2987 2920 3424 3004 faoere'mnsta
3439 2922 3668 3005 quibus

918 3017 976 3081 ei
1008 3016 1204 3080 rursus
1230 3031 1551 3080 occurrunt
1584 3032 1646 3081 et
1680 3025 1917 3080 tertium
1943 3016 2232 3099 punctum
2257 3014 2463 3079 datum
2483 3018 2542 3079 in
2567 3018 2728 3081 resta
2743 3018 2916 3083 linea.
2993 3018 3246 3101 Reliqua
3264 3020 3572 3083 Lemmata
3599 3021 3666 3083 in

920 3114 1265 3185 Tafiiones,
1289 3113 1509 3198 quibus
1530 3113 1894 3178 Tafiionum
1913 3113 2380 3197 problematibus
2397 3114 2563 3175 utilia
2581 3113 2692 3177 smt
2717 3134 2835 3177 non
2859 3112 3096 3179 difficile
3113 3114 3198 3178 est
3219 3114 3584 3202 investigare,
3601 3132 3666 3181 et

918 3210 1267 3295 quibusdam
1300 3230 1378 3275 ex
1410 3212 1480 3275 iis
1513 3210 1647 3276 usus
1668 3209 1753 3275 est
1775 3214 1945 3274 Victa
1976 3213 2035 3273 in
2059 3211 2377 3294 Apollonio
2399 3210 2615 3290 Gan0;
2649 3232 2858 3275 verum
2879 3216 2977 3277 cui
2999 3213 3348 3297 problemati
3369 3213 3666 3279 inserviret

915 3308 1285 3392 praedictum
1298 3312 1543 3381 Lemma
1560 3329 1755 3393 neque
1772 3310 1947 3372 Victa
1964 3328 2162 3391 neque
2179 3309 2328 3372 alius
2347 3305 2634 3391 quispiam
2643 3326 2946 3394 geometra
2965 3310 3224 3377 divinare
3241 3311 3540 3395 adgreffus
3555 3309 3672 3383 est.

919 3410 1102 3490 Saepe
1122 3407 1365 3490 quidem
1386 3406 1451 3471 id
1468 3410 1665 3491 animo
1688 3405 1923 3477 revolvi,
1959 3426 2168 3469 verum
2187 3425 2260 3469 ne
2281 3406 2469 3469 hilum
2491 3408 2618 3487 ejus
2640 3408 2807 3491 quod
2829 3410 3182 3492 quaerebam
3205 3409 3492 3475 ass'ecutus
3509 3407 3658 3485 sum.

915 3503 1025 3569 nifi
1060 3504 1225 3587 quod
1250 3521 1371 3568 non
1403 3501 1665 3568 laevibus
1698 3504 1926 3567 indiciis
1956 3504 2266 3567 videbatur
2283 3504 2530 3567 Lemma
2549 3506 2696 3569 utile
2723 3506 2839 3570 tsse
2869 3506 3235 3591 problemati,
3268 3526 3396 3591 quo
3423 3508 3660 3573 duobus

917 3600 1205 3685 politione
1224 3601 1377 3665 datis
1394 3602 1625 3665 circulis
1644 3616 1707 3665 et
1726 3602 1970 3683 puncto,
1994 3604 2316 3685 requiritur
2341 3603 2580 3667 tertium
2597 3600 2918 3669 describere
2947 3607 3058 3687 qui
3087 3607 3256 3670 datos
3277 3607 3583 3689 contingat
3597 3619 3660 3669 et

916 3718 1023 3781 per
1045 3698 1248 3762 datum
1272 3697 1563 3782 punctum
1594 3696 1871 3775 transeat3
1920 3718 2182 3781 quonam
2216 3719 2360 3763 vero
2391 3700 2574 3765 modo
2590 3701 2732 3766 huic
2751 3704 2898 3769 utile
2927 3702 3065 3767 ess‘ct
3093 3705 3334 3767 minime
3361 3703 3654 3769 videbam.

916 3797 1123 3859 Vietae
1153 3793 1503 3860 solutionem
1524 3792 1775 3880 aliasque
1796 3796 2172 3877 confidet-avi,
2217 3812 2290 3859 ut
2320 3795 2366 3859 si
2403 3794 2560 3862 forte
2595 3801 2660 3863 iu
2695 3799 2948 3883 analyfin
2981 3801 3302 3867 Lemmatis
3339 3800 3522 3882 huius
3563 3804 3656 3865 in-

916 3892 1213 3977 digentem
1246 3892 1582 3968 inciderem,
1612 3914 1821 3959 verum
1846 3891 2083 3966 frustra,
2115 3892 2305 3959 donec
2327 3892 2506 3958 hodie
2539 3899 2850 3979 gmuinam
2879 3898 3186 3980 Apollonii
3217 3897 3494 3979 Analysm
3525 3896 3656 3982 post

916 3994 1103 4055 varias
1146 4007 1414 4065 tentatas,
1458 3993 1673 4067 inveni,
1708 3994 1807 4059 cui
1843 3990 2088 4075 quidem
2125 4006 2250 4054 tum
2281 3990 2428 4056 haec
2461 3995 2647 4079 Pappi
2683 4014 2855 4085 prop.
2891 3998 3143 4071 CXVII,
3195 4010 3326 4063 tum
3359 3998 3562 4063 CXVI
3591 4010 3655 4061 et

920 4091 1179 4157 CXVIII
1205 4086 1651 4159 manifestiffime
1670 4087 2013 4159 inserviunt.
2095 4088 2242 4158 Feb.
2261 4110 2332 4177 9.
2369 4109 2394 4153 1
2409 4106 2446 4175 7
2460 4110 2496 4175 3
2511 4110 2580 4171 4.
