4109 5609
931 467 1094 548 540
1569 437 1752 516 DE
1845 425 3047 512 PORISMATIBUS.

929 659 1036 740 ad.
1068 659 1290 738 idem
1327 683 1420 736 ex
1457 655 1596 734 FG
1634 652 2153 761 quadratum.
2256 647 2393 726 Est
2427 671 2617 725 vero
2653 645 3150 751 quadratum
3188 670 3283 722 ex
3318 647 3491 743 AB,
3541 641 3697 722 five

929 825 1024 876 ex
1045 796 1334 900 jumsta
1371 794 1514 873 CD
1553 793 1656 872 ad
1693 790 2189 898 quadratum
2224 811 2319 862 ex
2354 783 2524 882 FG,
2590 803 2685 861 ut
2734 782 3232 889 quadratum
3278 809 3375 860 ex
3412 784 3547 860 ΟΕ
3592 781 3695 860 ad

930 933 1139 1013 illud
1177 960 1272 1014 ex
1298 933 1451 1030 EF,
1489 931 1644 1010 hoc
1683 930 1792 1008 est
1823 947 1918 1006 ut
1956 922 2454 1032 quadratum
2492 945 2588 999 ex
2620 921 2775 998 AN
2813 919 2917 998 ad
2952 918 3160 998 illud
3196 946 3291 998 ex
3314 921 3453 997 NF
3458 981 3477 1000 .
3528 918 3695 1025 Igi-

930 1091 1069 1152 tur
1104 1071 1214 1150 est
1249 1069 1742 1173 quadratum
1779 1093 1870 1143 ex
1907 1063 2057 1142 AN
2088 1058 2193 1139 ad
2218 1057 2425 1138 illud
2460 1084 2555 1136 ex
2586 1058 2755 1155 NF,
2784 1078 2877 1136 ut
2905 1055 3401 1162 quadratum
3439 1082 3537 1134 ex
3555 1055 3699 1134 AC

929 1207 1059 1288 bis
1098 1207 1202 1286 ad
1239 1205 1736 1312 quadratum
1761 1229 1854 1281 ex

929 1345 1118 1445 FG;
1168 1365 1262 1422 ut
1289 1370 1475 1421 vero
1501 1315 1856 1447 quadtfa-

932 1502 1120 1564 tum
1166 1508 1259 1558 cx
1305 1481 1455 1558 NF
1503 1479 1607 1556 ad
1652 1476 1860 1556 illud

933 1646 1030 1698 ex
1074 1620 1262 1716 FA,
1335 1615 1449 1694 ita
1497 1616 1606 1695 est
1651 1642 1860 1721 qua-

931 1755 1264 1836 dratum
1298 1781 1393 1831 ex
1428 1754 1572 1832 EN
1600 1753 1728 1833 bis
1755 1751 1860 1832 ad
2027 1795 2089 1859 Κ

925 1891 1143 2000 ,illud
1181 1917 1274 1970 ex
1307 1891 1451 1969 AC
1477 1889 1604 1970 bis
1624 1922 1648 1989 ;
1695 1889 1859 1998 igi-

934 2051 1200 2130 tur,ex
1227 2026 1542 2132 aequali
1566 2026 1655 2105 in
1670 2055 1862 2132 pro-

936 2166 1306 2273 portione
1364 2163 1860 2269 perturbata,

935 2323 1036 2386 ut
1059 2301 1554 2408 quadratum
1591 2328 1683 2380 ex
1706 2302 1855 2380 AN

941 2442 1046 2519 ad
1104 2436 1312 2517 illud
1369 2465 1464 2517 ex
1512 2440 1672 2537 AF,
1747 2436 1865 2516 ita

939 2576 1051 2658 est
1069 2573 1570 2682 quadratum
1597 2603 1690 2654 ex
1718 2576 1864 2655 EN

765 2812 770 2820 1
938 2713 1070 2796 bis
1109 2711 1212 2792 ad
1249 2711 1742 2817 quadratum
1769 2738 1866 2792 ex

939 2851 1112 2933 FG,
1219 2849 1354 2928 Est
1389 2875 1604 2948 vere,
1653 2871 1750 2928 ut
1783 2848 1874 2928 in
1909 2846 2212 2955 analyfi
2247 2848 2677 2948 ostensum,
2730 2851 3229 2954 quadratum
3261 2875 3356 2930 ex
3400 2849 3561 2929 AN
3603 2847 3703 2926 ad

941 2986 1152 3067 illud
1187 3013 1280 3066 ex
1313 2987 1476 3085 AF,
1525 3007 1621 3082 ut
1654 2987 2223 3094 reetangulum
2258 2988 2442 3085 AN,
2481 2987 2627 3066 NB
2661 2985 2820 3086 bis,
2870 2987 3028 3069 hoc
3062 2987 3177 3066 est
3210 2985 3701 3093 quadratum

947 3151 1044 3206 ex
1077 3125 1224 3203 EN
1257 3121 1386 3203 bis
1422 3122 1526 3202 ad
1561 3123 2129 3230 restangulum
2163 3125 2326 3222 AF,
2368 3123 2519 3202 GB
2556 3123 2708 3206 bis.
2816 3125 3032 3232 Ergo
3081 3124 3581 3230 quadratum
3614 3147 3701 3202 ex

947 3261 1094 3340 EN
1128 3259 1259 3341 bis
1295 3260 1408 3339 est
1441 3259 1540 3338 ad
1580 3259 2077 3366 quadratum
2113 3285 2207 3338 ex
2244 3259 2416 3359 FG,
2478 3280 2575 3339 ut
2618 3260 2843 3340 idem
2888 3262 3384 3367 quadratum
3420 3287 3519 3340 ex
3562 3258 3701 3338 EN

947 3399 1076 3486 bis
1115 3398 1224 3480 est
1257 3397 1360 3476 ad
1395 3396 1964 3503 refiangulum
1995 3397 2159 3494 AF,
2178 3394 2329 3474 GB
2365 3393 2521 3478 bis.
2593 3396 3115 3509 Qadratum
3146 3397 3401 3506 igitur
3436 3423 3535 3476 ex
3564 3395 3701 3476 FG

613 3564 642 3606 a
665 3569 748 3625 pr,
773 3585 882 3643 44·
951 3533 1420 3642 reaangulo
1455 3535 1618 3631 AF,
1658 3533 1807 3610 ΟΒ
1846 3531 1972 3613 bis
2010 3533 2121 3612 est
2155 3531 2512 3636 aequale,
2565 3553 2646 3612 et
2679 3554 3095 3639 propterea
3122 3523 3159 3582 ‘¹
3184 3534 3578 3640 quadrata
3610 3558 3701 3612 ex

953 3675 1143 3772 AG,
1183 3673 1306 3750 FB
1341 3667 1578 3748 fimul
1612 3667 1798 3750 sunt
1835 3669 2203 3775 aequalia
2238 3669 2637 3774 quadrato
2674 3697 2769 3749 ex
2801 3671 2971 3752 AB.
3066 3745 3073 3752 .
3112 3670 3361 3786 QE.
3406 3671 3514 3753 D.

1091 3811 1334 3888 Hanc
1371 3803 2137 3886 demonstrationem
2177 3831 2385 3912 quae
2419 3804 2509 3884 in
2546 3805 3143 3914 Compofitione
3174 3806 3527 3887 habetur
3556 3803 3701 3885 ali·

957 3969 1079 4026 ter
1124 3943 1372 4030 tradit
1419 3939 1697 4024 clariff.
1749 3943 2085 4022 Eulerus
2143 3943 2230 4021 in
2277 3942 2503 4022 Affis
2550 3944 3161 4050 Petropolitanis
3208 3943 3443 4025 novis
3492 3969 3701 4022 anno

972 4109 1068 4192 17
1074 4109 1205 4188 50.
1243 4102 1444 4162 tom.
1494 4107 1560 4162 1.
1597 4107 1780 4186 pag.
1817 4105 1955 4186 49.
2007 4079 2352 4160 minime
2386 4099 2660 4162 autem
2694 4081 3121 4188 investigat
3154 4079 3711 4166 Construffloe

959 4249 1178 4319 nem,
1229 4218 1360 4298 sed
1397 4237 1492 4300 ut.
1525 4216 1966 4296 Fermatius
2005 4243 2187 4296 eam
2221 4215 2547 4298 dederat
2582 4213 2929 4300 affumit.
3002 4219 3106 4296 Et
3141 4219 3479 4325 quidem
3516 4219 3699 4296 Pro-

959 4355 1436 4463 pofitionem
1493 4351 1868 4432 Fermatii
1929 4351 2018 4432 in
2064 4353 2219 4434 hoc
2268 4352 2473 4432 Casu
2518 4353 2787 4460 primo
2834 4381 3049 4436 anno
3106 4381 3312 4464 1715
3363 4355 3703 4434 demon-

961 4494 1224 4594 stravi,
1255 4489 1726 4600 priusquam
1763 4489 2075 4602 aliquid
2113 4490 2211 4576 de
2247 4509 2535 4572 natura
2573 4491 3700 4604 Porismatum-cognoveram.
