4109 5609
925 417 1151 499 ,μ-
1596 384 1812 505 DE
1949 389 3154 479 L1M1T113Us·

933 609 1189 716 potest
1233 608 1441 689 ratio
1486 610 1621 689 BC
1669 610 1773 687 ad
1822 610 1967 689 CD
2014 608 2290 689 minor
2334 608 2508 689 fieri
2556 608 2866 689 ratione
2926 639 3420 720 quacunque
3478 612 3699 715 data,

932 776 1141 861 quae
1177 747 1437 852 major
1461 748 1569 827 est
1595 726 1904 827 ratiene
1940 748 2078 825 FG
2119 748 2220 827 ad
2257 748 2462 847 GH,
2503 746 2658 827 hoc
2697 747 2804 825 est
2840 749 3148 829 ratione
3185 753 3308 831 FL
3347 753 3454 832 ad
3488 752 3696 833 GK:

932 885 1077 965 fiat
1122 886 1378 993 igitur
1412 886 1616 965 ratio
1654 868 1925 963 BC'ad
1962 886 2106 963 CD
2143 883 2418 964 minor
2462 884 2774 964 ratione
2819 888 2972 965 ΡΜ
3022 888 3126 967 ad
3163 888 3352 969 GK.
3459 888 3702 1005 Qo-

931 1023 1161 1103 niam
1208 1022 1463 1130 igitur
1520 1023 1727 1101 ratio
1774 1024 1915 1101 AB
1964 1024 2069 1102 ad
2117 1024 2252 1101 BC
2300 1021 2574 1101 minor
2621 1022 2840 1101 fabia
2891 1026 3002 1102 est
3057 1024 3370 1104 ratione
3418 1028 3544 1104 EF
3591 1028 3700 1105 ad

931 1161 1115 1259 FM,
1146 1160 1353 1238 ratio
1380 1182 1653 1239 autem
1678 1160 1809 1237 BC
1836 1160 1941 1237 ad
1968 1162 2110 1241 CD
2139 1159 2412 1239 minor
2435 1160 2650 1239 facia
2685 1159 2795 1239 est
2829 1162 3138 1241 ratione
3175 1166 3328 1241 ΕΜ
3355 1164 3460 1241 ad
3495 1164 3692 1263 GK,

930 1295 1083 1397 erit
1130 1296 1336 1377 ratio
1370 1298 1512 1374 AB
1546 1298 1655 1375 ad
1704 1299 1847 1375 CD
1884 1326 1977 1375 ex
2015 1298 2333 1403 aequali
2372 1298 2647 1377 minor
2679 1298 2990 1378 ratione
3037 1302 3162 1377 EF
3199 1301 3303 1379 ad
3338 1300 3504 1379 GK
3538 1300 3696 1381 hoc

934 1436 1043 1513 est
1078 1434 1387 1513 ratione
1436 1434 1649 1517 data.
1742 1434 2131 1513 Similiter
2177 1435 2638 1515 ostendetur
2684 1437 2906 1517 casus
2953 1437 3313 1543 reliquus
3361 1438 3698 1544 quando

808 1612 821 1625 ’
930 1570 1137 1652 ratio
1173 1593 1518 1679 utraque
1556 1593 1924 1680 augetur,
1977 1571 2480 1655 invertendo,
2623 1572 2860 1685 QE.
2898 1576 3002 1655 D.

1862 1850 1922 1926 P
1992 1849 2066 1927 R
2134 1848 2210 1927 O
2279 1849 2362 1928 P.
2502 1848 2806 1929 XV11.³

936 2118 993 2167 ‘¹
1044 2122 1331 2203 SINT
1364 2121 1576 2201 duae
1612 2120 2222 2230 magnitudines
2259 2123 2430 2221 AB,
2473 2122 2646 2221 CD,
2685 2118 3002 2227 sintque
3037 2122 3236 2203 aliae
3273 2125 3698 2233 magnitu-

934 2265 995 2303 “
1044 2261 1275 2339 dines
1311 2262 1485 2356 AE,
1524 2262 1687 2357 AF,
1743 2258 1901 2341 διε.
1954 2259 2308 2339 minores
2347 2259 2682 2365 quidem
2720 2259 2888 2363 ipsa
2923 2262 3065 2338 AB
3103 2261 3236 2339 sed
3273 2290 3482 2365 quae
3517 2290 3700 2341 ma-

938 2402 995 2439 “
1031 2397 1247 2501 jores
1276 2394 1596 2502 poffunt
1632 2394 1807 2474 fieri
1844 2396 2132 2503 quavis
2171 2394 2769 2503 magnitudine,
2801 2424 3009 2501 quae
3041 2397 3211 2501 ipsa
3239 2399 3383 2475 AB
3411 2397 3506 2478 fit
3541 2399 3702 2477 mi-

939 2538 996 2575 “
1048 2560 1201 2613 nor
1214 2566 1240 2631 3
1318 2554 1395 2612 et
1441 2529 1597 2611 fint
1638 2526 2248 2641 magnitudines
2297 2532 2477 2631 CG,
2533 2534 2718 2631 CH,
2771 2534 2930 2615 &a
2968 2534 3322 2613 minores
3361 2536 3701 2641 quidem

939 2672 996 2713 “
1048 2669 1223 2776 ips&
1260 2672 1401 2751 CD
1437 2670 1573 2749 sed
1605 2697 1817 2775 quae
1853 2670 2192 2773 majores
2230 2668 2549 2775 poffunt
2584 2669 2758 2747 fieri
2795 2670 3084 2774 quavis
3124 2673 3702 2779 magnitudine

940 2812 996 2851 “
1049 2835 1256 2915 quae
1302 2808 1577 2885 minor
1620 2805 1714 2885 fit
1760 2807 1927 2911 ipsa
1976 2809 2160 2904 CD;
2225 2804 2318 2885 fit
2369 2828 2642 2885 autem
2691 2805 2898 2885 ratio
2945 2804 3186 2913 ipfius
3221 2810 3368 2887 ΑΕ
3404 2811 3510 2890 ad
3545 2814 3697 2891 CG

932 2951 998 2989 ⁴⁶
1050 2947 1175 3023 vel
1200 2947 1334 3023 AF
1372 2944 1476 3022 ad
1504 2946 1687 3043 CH,
1722 2944 1879 3025 ὅτε.
1918 2944 2227 3048 semper
2261 2945 2542 3023 eadem
2579 2942 2876 3023 rationi
2911 2944 3181 3043 datae3
3232 2944 3428 3027 huic
3465 2948 3697 3029 datae

941 3086 999 3125 “
1050 3082 1347 3161 rationi
1384 3082 1665 3160 eadem
1702 3081 1851 3160 erit
1884 3080 2092 3159 ratio
2126 3082 2268 3159 AB
2305 3082 2409 3160 ad
2447 3076 2664 3182 CD.”

1074 3359 1159 3440 Si
1194 3359 1417 3438 enim
1454 3386 1623 3438 non
1671 3355 1766 3436 fit
1816 3378 1909 3437 ut
1955 3359 2100 3437 AE
2145 3356 2252 3435 ad
2302 3356 2447 3435 CG
2487 3356 2601 3435 ita
2635 3356 2778 3433 AB
2813 3355 2919 3435 ad
2968 3356 3154 3449 CD;
3229 3358 3382 3437 erit
3411 3362 3559 3440 ΑΕ
3591 3364 3695 3441 ad

936 3498 1087 3578 CG
1140 3518 1235 3577 ut
1282 3498 1425 3575 AB
1475 3498 1601 3575 vel
1648 3495 1754 3574 ad
1798 3493 2460 3603 magnitudinem
2507 3492 2914 3571 minorem
2961 3491 3130 3597 ipsa
3179 3496 3352 3594 CD,
3415 3500 3542 3577 vel
3591 3499 3694 3581 ad

932 3634 1355 3738 majorem.
1493 3634 1613 3711 Sit
1648 3632 2013 3737 primum
2053 3632 2156 3710 ad
2205 3631 2604 3709 minorem
2628 3663 2649 3727 ;
2723 3626 2980 3735 fitque
3038 3632 3182 3709 AE
3243 3633 3348 3711 ad
3401 3635 3550 3712 CG
3599 3656 3694 3715 ut

932 3772 1081 3849 AB
1134 3769 1236 3847 ad
1288 3771 1456 3852 CK.
1575 3768 1994 3880 Qoniam
2042 3768 2298 3875 igitur
2347 3769 2493 3846 CK
2539 3766 2814 3845 minor
2861 3766 2971 3844 est
3015 3766 3184 3872 ipsa
3218 3770 3392 3870 CD,
3447 3774 3702 3877 potest

938 3906 1348 4019 quaedam
1381 3906 1737 4013 ipsarum
1775 3878 1952 4004 CG,
1993 3906 2180 4006 CH,
2221 3904 2382 3989 ὅτε.
2433 3902 2693 4008 major
2725 3902 2899 3981 fieri
2943 3904 3112 4008 ipsa
3148 3908 3322 4005 CK,
3371 3906 3470 3987 fit
3502 3910 3698 3991 haec

938 4045 1117 4142 cL;
1159 4041 1413 4149 fitque
1438 4044 1615 4122 AM
1640 4070 1729 4120 ea
1757 4042 2115 4148 ipsarum
2147 4043 2322 4141 AE,
2350 4044 2513 4142 AF,
2555 4040 2714 4123 διε.
2753 4040 3458 4149 magnitudinum,
3489 4072 3698 4153 quae

1044 4354 1071 4385 ⁸
1121 4345 1489 4430 Propofitio
1526 4349 1684 4413 haec
1718 4344 2062 4426 utiliffima,
2099 4344 2288 4411 etiam
2321 4344 2402 4411 de
2427 4344 2764 4413 Limitibus
2799 4344 3258 4434 quantitatum,
3291 4346 3694 4435 praecedenti

936 4444 1121 4518 strici
1147 4445 1542 4532 adjungitur.
