4109 5609
1117 417 1300 500 DE
1399 415 2609 503 PORISMATIBUS.
3074 443 3237 528 509

477 642 658 740 LK,
703 631 880 720 KM
916 639 1244 744 aequale
1281 637 1432 718 erit
1466 635 1866 746 quadrato
1899 663 1996 716 ex
2030 637 2203 718 EK,
2302 636 2697 716 Bifariam
2730 636 3033 718 secetur
3065 635 3237 716 ML

477 779 568 858 in
601 779 711 879 N,
767 799 844 856 et
867 776 1156 882 juncia
1203 779 1339 856 FN
1386 775 1910 883 producatur,
1959 795 2493 881 occurratque
2539 772 3237 862 circumferentiae

471 917 565 994 in
601 917 695 1012 C,
735 916 839 996 D.
947 913 1366 1026 Qoniam
1401 911 1655 1022 igitur
1687 912 2255 1021 reciangulum
2292 912 2466 1012 GF,
2504 915 2681 1010 FH,
2744 912 2901 992 hoc
2948 911 3059 992 est
3102 911 3235 1018 ip-

470 1053 656 1130 sum
687 1053 854 1150 DF,
885 1053 1008 1130 FC
1043 1052 1372 1156 aequale
1407 1047 1517 1130 est
1555 1043 1986 1155 (quadrato
2023 1077 2119 1128 ex
2154 1051 2307 1148 EF,
2346 1048 2501 1130 hoc
2539 1050 2649 1130 est
2683 1049 3101 1156 quadra-tis
3138 1074 3236 1128 ex

471 1191 648 1288 EK,
688 1191 853 1288 KF,
893 1187 1046 1267 hoc
1085 1187 1226 1298 est)
1266 1187 1735 1296 rectangulo
1771 1188 1947 1284 LK,
1979 1187 2157 1266 KM
2191 1207 2271 1266 et
2306 1188 2713 1293 quadrato
2742 1214 2837 1268 ex
2872 1189 3055 1286 ΚΕ,
3121 1186 3235 1270 est

472 1335 802 1405 autema
827 1327 1394 1432 reetangulum
1430 1319 1788 1424 CN‚‘ND
1826 1325 2157 1429 aequale
2190 1323 2337 1429 ipfi
2372 1327 2578 1423 MN,
2606 1327 2785 1425 NL,
2834 1323 2992 1406 five
3028 1351 3225 1432 qua·
3270 1351 3299 1384 ⁸
3326 1369 3359 1430 3
3370 1369 3427 1428 5·
3458 1365 3517 1431 3,
3660 1439 3671 1446 ἡ

466 1465 701 1542 drato
738 1490 832 1540 ex
866 1463 1056 1560 NL;
1131 1464 1281 1543 erit
1315 1484 1613 1562 totum,
1653 1461 2223 1568 rectangulurn
2257 1464 2423 1561 DF,
2464 1465 2589 1541 FC
2623 1489 2789 1542 una
2826 1488 3020 1542 cum
3056 1461 3229 1568 ipso

467 1603 641 1699 CN,
692 1601 851 1676 ND
899 1601 1226 1706 aequale
1292 1593 1505 1703 (toti,
1569 1599 2040 1706 restangulo
2088 1599 2267 1698 LK,
2318 1602 2495 1678 KM
2543 1621 2622 1678 et
2668 1597 3085 1706 quadratis
3134 1626 3231 1684 ex

465 1741 630 1836 ΚΕ,
669 1737 847 1837 NL,
887 1737 1040 1817 hoc
1081 1739 1192 1816 est
1215 1727 1250 1782 b
1278 1736 1692 1843 quadratis
1728 1763 1824 1815 ex
1857 1738 2044 1835 NK,
2084 1739 2249 1835 KF,
2301 1736 2455 1816 hoc
2492 1735 2633 1847 est)
2686 1737 3083 1842 quadrato
3133 1765 3230 1818 ex
3280 1743 3311 1790 ⁵
3344 1761 3404 1824 6.
3428 1780 3490 1824 2.

462 1878 626 1956 NF.
697 1875 1156 1954 Commune
1189 1874 1602 1954 auferatur
1625 1875 2194 1980 reciangulum
2218 1875 2385 1974 NF,
2416 1876 2579 1974 FD,
2610 1874 2759 1958 erit
2782 1875 3225 1982 reliquum,

463 2012 1028 2119 restangulum
1077 2012 1374 2092 scincet
1425 2013 1596 2112 CN,
1635 2013 1772 2090 DF
3164 1987 3171 1994 ’

461 2177 630 2228 una
677 2176 871 2228 cum
916 2149 1086 2253 ipso
1135 2149 1308 2248 CN,
1351 2149 1538 2248 ΝΙ),
1613 2147 1770 2228 hoc

465 2288 576 2364 est
624 2287 1194 2394 restangulum
1239 2285 1410 2384 CN,
1452 2287 1590 2365 NF
1636 2311 1772 2364 ae-

462 2424 703 2530 quale
736 2422 1050 2532 reliquo
1086 2422 1558 2530 rectangulo
1579 2423 1766 2523 DN,

459 2562 648 2672 NF..
693 2562 908 2641 resta
942 2559 1198 2668 igitur
1232 2561 1374 2639 CN
1413 2558 1770 2667 aequalis

463 2699 574 2778 est
605 2695 752 2802 ipfi
784 2700 984 2795 ND3
1047 2720 1126 2776 et
1161 2695 1560 2804 quoniam
1591 2723 1768 2776 rec-

459 2855 588 2916 tae
612 2835 810 2934 ML,
829 2837 972 2914 CD
998 2835 1088 2913 in
1125 2833 1430 2914 circulo
1463 2833 1540 2913 se
1573 2861 1768 2912 mu-

459 2994 606 3052 tuo
643 2971 1028 3051 bifariam
1052 2971 1320 3051 secant
1341 2970 1434 3050 in
1459 2972 1765 3082 puncto

457 3110 564 3209 N,
615 3109 766 3189 erit
790 3119 820 3156 ⁰
844 3111 924 3190 N
958 3129 1334 3190 centrum
1369 3108 1681 3209 circuli,
1733 3108 1958 3215 quod
1993 3107 2335 3216 quidem
2368 3110 2661 3190 datum
2697 3109 2837 3192 est.
2936 3105 3219 3190 Pofiti-
3271 3136 3298 3168 ⁶
3322 3154 3399 3212 ⁴*
3422 3149 3481 3212 3·

457 3273 610 3326 one
645 3267 921 3328 autem
954 3249 1144 3326 data
1179 3246 1292 3326 est
1319 3246 1536 3326 recta
1568 3247 1743 3346 AB,
1795 3267 1874 3325 et
1911 3248 2175 3328 rectus
2210 3248 2320 3328 est
2356 3248 2707 3357 angulus
2748 3249 3007 3348 NKB,
3054 3247 3219 3356 igi-

457 3405 594 3464 tur
625 3381 1011 3490 pofitione
1057 3383 1248 3463 data
1291 3383 1405 3463 est
1448 3384 1638 3482 NK,
1671 3391 1941 3491 'quare
1985 3383 2178 3462 data
2222 3384 2411 3465 sunt
2457 3385 2765 3491 puncta
2808 3386 2917 3486 K,
2955 3386 3054 3486 L,
3092 3387 3219 3469 Μ.

454 3523 767 3601 Datum
800 3519 1058 3629 igitur
1091 3520 1204 3600 est
1243 3520 1816 3628 restangulum
1857 3521 2040 3620 LK,
2080 3523 2289 3621 KM,
2364 3521 2519 3604 hoc
2568 3522 2681 3604 est
2726 3519 3221 3629 quadratum

456 3686 550 3740 ex
583 3659 760 3759 EK,
797 3658 1128 3764 ipsaque
1163 3659 1310 3736 KE
1345 3653 1731 3762 pofitione
1763 3677 1842 3737 et
1875 3657 2451 3765 magnitudine
2484 3659 2675 3740 data
2710 3659 2905 3759 erit;
2956 3680 3036 3741 et
3070 3660 3219 3739 da-

454 3817 638 3876 tum
671 3797 784 3876 est
819 3797 1226 3902 pmfium
1259 3798 1367 3897 K,
1416 3793 1673 3904 igitur
1707 3813 1786 3874 et
1821 3796 2227 3899 punctum
2261 3797 2369 3879 E.·
2449 3797 2704 3912 Qod
2750 3817 2921 3878 erat
2952 3799 3221 3878 osten*

299 3993 308 4002 ·
456 3934 848 4019 dendum.

1461 4070 2018 4174 Componetur
2062 4070 2204 4151 ita.

583 4208 974 4288 Sumatur
1008 4205 1291 4287 circuli
1328 4225 1704 4288 centrum
1736 4209 1854 4308 N,
1875 4229 1955 4288 et
1989 4207 2097 4288 ab
2122 4206 2293 4314 ipso
2332 4207 2436 4288 ad
2468 4207 2612 4288 AB
2646 4206 2997 4288 ducatur
3028 4235 3214 4313 per-

449 4343 992 4453 pendicularis
1019 4347 1180 4424 NK
1214 4370 1424 4452 quae
1449 4341 2147 4428 circumferentiae
2174 4344 2273 4424 in.
2291 4346 2386 4445 L,
2418 4346 2518 4425 M
2542 4364 2915 4426 occurrat
2930 4374 2953 4436 ;
3002 4343 3216 4424 inter

447 4485 628 4564 MK
662 4509 850 4563 vero
886 4503 966 4562 et
1001 4483 1148 4562 KL
1187 4479 1650 4564 inveniatur
1681 4482 1954 4566 media
1981 4481 2609 4592 proportionalis
2638 4485 2813 4583 ΚΕ,
2844 4507 3049 4589 quae
3075 4507 3216 4586 po·
