4109 5609
842 375 1053 508 ‘388
1522 401 1704 482 DE
1807 399 3015 484 PORISMATIBUS.

896 619 1083 700 sunt
1128 619 1393 725 HLO,
1445 620 1658 700 BLA
1702 618 2142 728 triangula,
2206 645 2458 727 quare
2501 620 2594 701 in
2639 623 2858 704 reeh
2901 619 3090 700 sunt
3140 620 3247 720 A,
3282 619 3380 720 L,
3421 621 3528 721 0,
3577 641 3662 702 et

894 777 1311 864 propterea
1347 758 1451 855 A,
1488 757 1589 856 L,
1628 758 1707 835 K
1742 759 2072 862 pund’ta.

1032 895 1261 974 Con.
1306 919 1377 974 1.
1444 895 1666 972 Patet
1697 895 2005 974 red'tam
2036 894 2180 974 FG
2218 921 2427 1000 quae
2460 895 2726 976 Locus
2763 892 2876 974 est
2909 893 3406 999 Ριιῐιᾶοωω
3443 893 3590 972 Η
3567 919 3658 973 m

892 1029 1061 1110 hac
1110 1027 1645 1135 Propofitione
1704 1027 2033 1110 tranfire
2093 1055 2238 1136 per
2293 1033 2699 1136 punstum
2744 1031 2829 1111 G
2877 1030 3302 1124 occursum
3359 1029 3672 1110 scilicet·

896 1169 1304 1248 reetarum
1339 1166 1531 1266 GD,
1572 1167 1725 1244 GE
1760 1193 1968 1273 quae
2004 1165 2392 1273 positione
2425 1168 2661 1247 datae
2706 1168 2934 1264 sunt3
3010 1187 3092 1246 et
3134 1186 3556 1273 propterea
3597 1165 3658 1246 fi

896 1303 1362 1384 inveniatur
1396 1305 1799 1410 punftum
1836 1303 2172 1409 aliquod
2207 1306 2296 1383 H
2331 1305 2424 1383 in
2459 1306 2664 1404 loco,
2696 1304 2920 1410 quod
2947 1301 3084 1382 fiet
3109 1302 3486 1384 d‘acmdo
3507 1326 3659 1385 ‘ut-
3733 1315 3746 1322 ”

898 1469 1225 1548 cunque
1275 1470 1322 1520 a
1374 1443 1681 1547 punflo
1720 1445 1797 1519 A
1832 1442 2138 1521 rectam
2181 1442 2326 1520 AL
2377 1468 2587 1546 quae
2633 1441 2985 1522 occurrit
3032 1436 3420 1545 pofitione
3451 1441 3664 1524 datis

894 1577 1091 1678 GD,
1145 1578 1299 1657 GE
1347 1577 1439 1656 in
1484 1579 1581 1678 L,
1622 1580 1700 1656 K
1746 1599 1827 1657 et
1858 1577 2287 1684 jungendo
2337 1578 2500 1677 BL,
2541 1579 2689 1656 CK
2733 1605 2941 1684 quae
2983 1573 3134 1656 fibi
3179 1599 3476 1658 mutuo
3522 1605 3664 1660 oc-

896 1733 1247 1795 currunt
1276 1716 1364 1794 in
1401 1717 1521 1814 H,
1568 1715 1721 1794 erit
1742 1715 2031 1820 junfm
2069 1715 2244 1794 GH
2277 1716 2496 1796 resta
2530 1741 2740 1820 quae
2786 1714 2898 1793 est
2933 1715 3196 1794 Locus
3233 1714 3660 1795 invenien-
3777 1765 3788 1772 -

896 1852 1079 1936 dus,
1186 1851 1463 1932 Simile
1500 1873 1777 1932 autem
1812 1873 2033 1932 tenet
2065 1852 2158 1932 in
2201 1850 2870 1958 praecedentibus
2914 1850 3087 1957 post
3133 1853 3364 1956 Prop.
3408 1877 3484 1962 7.
3521 1880 3660 1932 ex-
3723 1900 3730 1908 ·

899 2010 1133 2096 cepto
1173 2017 1249 2096 9.

880 2131 889 2138 ’
1037 2128 1263 2207 Con.
1302 2151 1381 2207 2
1448 2123 1567 2204 Ex
1627 2125 1757 2204 his
1818 2125 2242 2204 problema
2305 2125 2641 2228 sequens
2688 2123 2932 2203 facile
2970 2122 3354 2214 solvitur,
3335 2154 3352 2170 ·
3425 2125 3666 2204 Datis

896 2262 1163 2342 tribus
1202 2262 1527 2366 pumffis
1573 2265 1677 2361 A,
1719 2264 1812 2361 B,
1854 2261 1985 2340 C
1965 2279 2055 2339 m
2101 2263 2322 2342 resta
2365 2261 2605 2361 linea,
2657 2260 3032 2367 datisque
3077 2259 3464 2366 pofitione
3507 2261 3660 2340 tri-

898 2397 1059 2478 bus
1114 2398 1351 2477 refiis
1391 2399 1596 2497 -,GD
1636 2399 1818 2497 GE,
1858 2397 2266 2510 PQinter
2297 2397 2504 2502 ipsas
2539 2423 2844 2504 ponere
2881 2397 3392 2506 triangulum
3427 2398 3662 2504 cujus

896 2536 1150 2614 latera
1184 2556 1519 2644 vergent
1554 2534 1658 2613 ad
1693 2535 1851 2614 tria
1885 2536 2190 2641 pundia
2224 2533 2442 2616 data.

1038 2673 1374 2752 Fad'fum
1410 2693 1634 2779 puta,
1673 2669 1931 2778 fitque
1968 2671 2480 2778 triangulum
2505 2671 2750 2750 HKL
2787 2669 3020 2774 cujus
3057 2671 3406 2779 angulus
3443 2673 3534 2750 H
3567 2667 3666 2752 fit

894 2807 991 2888 in
1026 2811 1241 2888 recita
1273 2809 1624 2922 PQK
1604 2835 1693 2888 m
1729 2810 1943 2890 τεᾶα
1978 2805 2160 2907 GE,
2201 2827 2280 2887 et
2315 2807 2667 2915 angulus
2704 2809 2770 2887 L
2810 2807 2900 2887 in
2931 2808 3148 2890 reita
3182 2809 3375 2909 GD,
3427 2829 3508 2890 et
3541 2809 3664 2889 la-

898 2969 1072 3026 tera
1097 2945 1274 3044 KL,
1292 2945 1483 3044 HL,
1503 2947 1673 3022 HK
1698 2964 2036 3053 vergant
2063 2945 2169 3024 ad
2193 2971 2460 3049 punc·-

896 3105 983 3163 ta
1002 3065 1209 3162 'data
1244 3086 1348 3180 A,
1389 3083 1482 3181 B,
1514 3081 1609 3180 C,
1680 3083 1783 3160 Et
1818 3081 2216 3187 quoniam
2252 3107 2462 3187 qua-
2597 3082 2698 3162 M
2943 3080 3028 3160 N
3195 3079 3288 3164 H
3559 3085 3642 3164 Ο

898 3243 1088 3300 tuor
1132 3220 1321 3300 sunt
1366 3219 1623 3300 red'tae
1668 3219 1841 3317 AB,
1888 3219 2144 3316 ALK,
2195 3217 2451 3316 BLH,
2597 3273 2614 3283 ·

900 3359 1167 3456 CKH,
1208 3378 1287 3436 et
1320 3355 1509 3435 data
1544 3355 1733 3434 sunt
1766 3353 1925 3433 tria
1971 3355 2276 3459 punfia
2319 3352 2456 3432 in-

898 3494 1365 3576 setffionum'
1383 3496 1490 3593 A,
1517 3493 1615 3591 B,
1643 3493 1708 3569 C
1742 3491 1833 3570 in
1864 3517 2031 3570 una
2067 3491 2453 3596 ipsarum,

902 3631 1407 3738 reliquorum
1444 3649 1721 3709 autem
1754 3629 1871 3727 H,
1904 3629 2009 3726 K,
2036 3627 2105 3706 L
2144 3627 2309 3706 duo
2345 3629 2454 3726 K,

902 3768 971 3848 L
1030 3787 1389 3875 tangunt
1452 3767 1708 3846 reetas
1774 3760 2162 3871 pofitione
2226 3762 2456 3844 datas
2539 3738 2552 3752 ’

892 3905 987 3982 G
1008 3905 1100 4002 E,
1152 3903 1328 3982 GD
1374 3901 1785 4009 reliquum
1829 3921 2111 4010 tanget
2153 3903 2462 3996 refilam

905 4037 1289 4146 pofitione
1317 4040 1595 4119 datam
1620 4067 1763 4146 per
1793 4039 2005 4119 hanc
2029 4036 2458 4144 Proponti-

908 4204 1175 4258 onem.
1214 4177 1683 4257 Inveniatur
1705 4176 1960 4284 igitur
1984 4176 2182 4256 haec
2207 4178 2451 4276 recta,

892 4341 1119 4423 quae
1144 4311 1238 4393 fit
1264 4314 1437 4414 GF,
1473 4341 1615 4420 per
1648 4314 1830 4398 Cor.
1880 4339 1909 4392 1
1926 4375 1947 4396 .
1982 4313 2124 4418 huj
2135 4341 2258 4412 uS,
2306 4333 2386 4393 et
2420 4309 2568 4420 ipfi
2600 4333 2972 4397 occurrat
3005 4309 3240 4393 tertia
3275 4307 3662 4418 pofitione

906 4453 1099 4534 data
1129 4451 1407 4576 PQin
1432 4454 1552 4555 H,
1580 4471 1660 4534 et
1678 4449 2144 4562 jungantur
2165 4451 2354 4553 BH,
2379 4452 2536 4532 CH
2565 4479 2774 4562 quae
2795 4470 3228 4535 occurrant
3249 4445 3434 4558 ipfis
3457 4449 3657 4548 GD,
