4109 5609
880 382 1050 465 400
1512 355 1695 435 DE
1798 356 3002 445 PORISMATIBUS.

1790 578 1850 653 P
1918 580 1991 656 R
2063 578 2140 656 Ο
2207 579 2292 659 Ρ.
2433 578 2740 661 XXIII.

1142 779 1377 893 Qae
1413 780 1522 860 est
1554 778 1909 860 Porisma
1958 806 2024 863 1.
2075 779 2260 864 Lib.
2313 806 2380 863 1.
2427 718 2968 862 Porismdtum
3005 780 3401 867 Euclidis.

886 992 955 1033 “
1002 986 1091 1067 SI
1130 1012 1177 1067 a
1212 984 1537 1065 duobus
1574 983 1911 1093 punctis·
1935 984 2148 1065 datis
2193 982 2718 1067 inficetantur
2763 987 2972 1066 duae
3017 989 3278 1068 restae
3323 989 3431 1068 ad
3475 1015 3656 1069 rec·

880 1130 957 1169 '“
1006 1145 1177 1205 tam
1219 1120 1604 1231 pofitione
1649 1124 1959 1221 datam,
2006 1120 2431 1203 abscindat
2475 1144 2753 1203 autem
2801 1152 3084 1203 earum
3129 1152 3297 1204 una
3341 1154 3390 1205 a
3436 1128 3655 1206 reeta

896 1266 957 1307 “
1006 1259 1395 1369 pofitione
1428 1262 1617 1342 data
1652 1261 2164 1371 segmentum
2199 1258 2392 1339 dato
2427 1260 2516 1339 in
2554 1287 2646 1341 eo
2693 1264 3001 1367 punGto
3047 1262 3470 1365 adjacen5,'
3503 1290 3656 1342 au·-

895 1404 955 1444 “
1006 1399 1208 1479 feret
1252 1398 1499 1478 etiam
1547 1401 1793 1479 altera
1841 1397 1945 1476 ab
1994 1397 2154 1475 alia
2199 1399 2415 1478 rasta
2459 1399 2970 1506 segmentum
3007 1402 3064 1441 ‘⁶
3103 1399 3297 1479 dato
3345 1402 3658 1505 pun-sto

897 1540 957 1580 ‘⁶
1008 1532 1461 1642 adjacens‚”
1524 1536 1966 1641 datamque
2011 1532 2322 1614 habens
2367 1535 2770 1617 rationem
2819 1539 2877 1577 “
2925 1534 3033 1641 ad
3081 1538 3431 1617 alterum
3476 1536 3656 1646 seg-

896 1676 957 1717 “
997 1669 1458 1755 mentum.”

1035 1950 1133 2029 In
1178 1951 1333 2031 No,
1376 1972 1564 2057 377.
1611 1944 2293 2025 Transaffionum
2339 1944 3085 2052 Philosophicarum
3133 1974 3350 2027 anno
3409 1970 3654 2056 1723,

896 2085 1441 2167 Porismahoc
1477 2083 1967 2189 explicatum
2001 2081 2166 2162 fuit
2201 2080 2422 2188 quafi
2459 2110 2628 2163 non
2663 2084 2925 2165 solum
2961 2083 3117 2162 alia
3151 2111 3242 2171 ea
3276 2086 3494 2166 reeta
3527 2084 3654 2163 in·

775 2304 784 2311 .
896 2224 1299 2306 venienda
1330 2220 1544 2322 effet,
1647 2222 2158 2327 unctumque
2192 2219 2280 2298 in
2319 2246 2410 2299 ea
2446 2219 2582 2299 cui
2615 2221 2922 2326 adjacet
2957 2219 3466 2329 segmentum
3505 2221 3654 2300 ab-

900 2363 1216 2453 latum;
1288 2359 1424 2439 sed
1457 2379 1538 2439 et
1570 2357 1776 2437 ratio
1814 2385 2066 2463 quam
2100 2356 2348 2435 habet
2391 2356 2904 2464 segmentum
2949 2358 3104 2437 hoc
3143 2360 3244 2439 ad
3293 2359 3656 2466 segmen-

896 2520 1085 2579 tum
1121 2526 1169 2576 a
1205 2496 1469 2603 prima
1513 2496 1731 2575 reeta
1774 2494 2143 2573 ablatum
2197 2493 2684 2574 invenienda
2719 2492 2926 2575 effet.
3041 2496 3359 2575 Verum
3395 2497 3658 2601 postea

903 2634 1181 2716 inveni
1217 2634 1685 2715 innumeras
1720 2632 1973 2712 red’tas
2010 2629 2159 2709 fibi
2195 2630 2550 2717 invicem
2583 2633 2998 2737 parallelas
3025 2632 3472 2731 Porismati,
3503 2632 3656 2713 hoc

902 2744 1155 2855 modo
1190 2768 1617 2879 propofitO,
1667 2767 2166 2887 satisflfacere3
2241 2768 2497 2875 igitu‘r
2541 2770 2786 2848 verba
2833 2770 3081 2875 Pappi
3123 2774 3180 2811 “
3219 2770 3660 2877 datamque

903 2911 1213 2992 habens
1247 2903 1696 2989 rationem”
1734 2904 2336 3010 interpretanda
2361 2904 2550 2984 sunt
2587 2909 2646 2948 “
2681 2905 2996 2987 habens
3031 2906 3430 2987 rationem
3466 2934 3660 2987 ean-

902 3049 1095 3129 dem
1130 3048 1365 3127 datae
1398 3038 1779 3143 rationi,”
1831 3063 1907 3121 et
1942 3042 2057 3121 ita
2092 3041 2429 3147 quidem
2463 3040 2882 3121 scribenda
2919 3044 3106 3122 sunt
3141 3044 3246 3123 ad
3283 3046 3494 3125 clare
3525 3044 3660 3125 di-

904 3184 1490 3293 stinguendum
1526 3210 1617 3261 ea
1651 3207 1859 3287 quae
1894 3178 2084 3257 data
2119 3178 2307 3258 sunt
2343 3206 2436 3258 ex
2475 3176 2894 3285 hypothefi
2943 3179 3030 3257 in
3079 3180 3512 3261 porismate
3559 3182 3662 3261 ab

904 3322 1009 3407 iis
1036 3350 1244 3429 quae
1266 3321 1457 3400 data
1480 3306 1652 3399 fere
1687 3316 2226 3415 affirmantur,
2266 3336 2344 3396 et
2369 3314 2856 3395 invenienda
2893 3338 3488 3422 proponuntur.
3561 3320 3663 3398 Et

904 3460 1003 3543 in
1043 3460 1199 3541 hoc
1244 3458 1477 3538 sensu
1532 3451 2128 3561 Propofitionis,
2202 3454 2349 3561 qui
2411 3451 2748 3563 quidem
2796 3455 3204 3561 genuinus
3252 3454 3388 3554 est,
3455 3456 3668 3535 duae

906 3694 1175 3761 quartae
1198 3674 1366 3739 inter
1397 3672 1649 3738 tertiam
1672 3688 1733 3735 et
1760 3667 2100 3735 secundam
2127 3668 2209 3733 ad
2235 3664 2513 3749 ejusdem
2535 3665 2929 3755 segmentum
2963 3668 3078 3739 KF
3111 3668 3281 3733 inter
3312 3670 3566 3735 tertiam
3599 3688 3666 3735 et

954 3794 1209 3842 mnam.

906 3798 953 3863 p
1002 3874 1308 3937 Ducatur
1337 3870 1509 3935 enim
1537 3868 1619 3934 ad
1646 3866 1773 3933 AB
1810 3866 1980 3933 reeta
2012 3866 2128 3931 FL'
2149 3866 2452 3955 parallela
2484 3866 2596 3952 ipfi
2628 3864 2772 3943 KB,
2821 3866 2990 3931 ratio
3023 3866 3218 3951 igitur
3253 3864 3390 3930 AD
3428 3866 3509 3930 ad
3543 3866 3668 3931 DF

906 3974 1132 4039 eadem
1152 3970 1242 4036 est
1270 3970 1505 4035 rationi
1534 3968 1663 4033 AB
1688 3968 1771 4033 ad
1790 3964 1904 4030 BL
1928 3987 2094 4051 quae
2121 3966 2470 4051 eompofita
2493 3966 2584 4030 est
2613 3986 2698 4031 ex
2726 3964 2978 4030 ratione
3005 3966 3134 4029 AB
3153 3967 3236 4029 ad
3257 3964 3388 4040 BE,
3421 3982 3485 4030 et
3509 3968 3661 4029 rati-

906 4092 1035 4141 one
1062 4068 1197 4151 (EB
1223 4072 1305 4135 ad
1324 4067 1462 4148 BL,
1486 4069 1615 4133 hoe
1634 4066 1727 4131 est
1751 4066 2029 4151 ratione)
2059 4066 2178 4131 ΕΚ
2201 4064 2284 4130 ad
2307 4062 2447 4132 ΚΡ.
3025 4121 3034 4131 .

1004 4168 1519 4237 Commandinus
1541 4167 1624 4232 ad
1646 4182 1871 4230 notam
1896 4164 1963 4229 G
1987 4164 2430 4229 commentarii
2451 4164 2586 4245 ejus
2610 4162 2690 4227 ad
2719 4164 2895 4227 hunc
2919 4165 3138 4230 locum
3161 4162 3362 4247 Prop.
3387 4160 3474 4227 se.
3499 4182 3524 4225 1
3544 4182 3630 4249 27
3644 4212 3663 4231 .

902 4268 1053 4337 Lib.
1084 4291 1150 4355 7.
1169 4266 1397 4354 Pappi,
1432 4268 1617 4351 ponit
1640 4266 1929 4346 junRam
1956 4262 2082 4328 GL
2103 4264 2468 4348 parallelam
2493 4260 2608 4327 effe
2643 4262 2756 4346 ipfi
2789 4260 2938 4341 1303
2995 4266 3121 4327 hoc
3155 4278 3367 4326 autem
3403 4262 3666 4355 minime

906 4368 1347 4437 affumendum
1374 4368 1487 4440 est,
1525 4365 1615 4430 ita
1636 4364 1807 4429 enim
1833 4378 1971 4427 tota
1994 4362 2133 4427 fere
2157 4361 2620 4428 demonstratio
2645 4362 2851 4445 prima
2885 4360 3248 4428 assumenda
3273 4360 3442 4437 efl‘et,
3477 4362 3524 4425 fi
3549 4370 3688 4427 ειν-ἶ

906 4485 1039 4539 tem
1062 4470 1189 4537 hoe
1211 4467 1419 4541 fleret,
1456 4462 1913 4533 demonstratio
1938 4460 2216 4541 secunda
2247 4462 2516 4530 omnino
2537 4460 2776 4529 inutilis
2801 4458 2968 4529 esset.
3681 4482 3686 4491 ·
