4109 5609
952 409 987 442 ·
1095 403 1597 485 LIBER
1698 405 2472 489 TERTIUS.
3005 433 3160 518 203

416 623 810 733 quadrato
844 649 939 703 ex
974 623 1149 722 BD,
1199 623 1352 703 erit
1392 621 1965 731 re&angu1um
2010 624 2174 723 EC,
2213 624 2358 703 CD
2395 622 2748 730 spatium
2784 623 2888 704 ad
2937 631 3165 736 quod

424 763 911 868 quadratum
968 786 1065 839 ex
1105 761 1251 840 AC
1298 760 1583 840 datam
1629 760 1876 840 habet
1922 760 2351 844 rationem.
2463 761 2698 841 Datis
2758 759 3016 872 igitur
3072 765 3166 846 in

422 899 627 978 recita
658 897 873 978 linea
904 895 1169 977 tribus
1206 895 1533 1002 punffls
1579 899 1684 996 A,
1722 897 1819 996 E,
1855 900 1934 977 D
1980 896 2571 977 inveniendum
2615 897 2727 976 est
2772 921 3165 1004 quartum

424 1035 491 1114 C
518 1035 723 1114 inter
756 1036 823 1112 E
859 1054 939 1112 et
972 1035 1053 1111 D
1090 1033 1315 1140 quod
1358 1032 1599 1113 faciet
1644 1033 2218 1142 redtangulum
2261 1033 2425 1132 EC,
2466 1035 2608 1113 CD
2656 1034 2762 1114 ad
2807 1037 3163 1141 quadra-

425 1191 597 1251 tum
626 1199 723 1252 ex
752 1171 899 1251 AC
932 1170 1025 1250 in
1058 1169 1249 1252 data
1280 1169 1619 1270 ratione,
1670 1171 1896 1278 quod
1930 1170 2269 1278 quidem
2303 1168 2442 1251 fiet
2475 1198 2628 1276 ope
2662 1173 2894 1278 Prop.
2933 1197 2982 1276 5
2992 1200 3066 1278 3.

1408 1581 1475 1658 P
1544 1581 1617 1659 R
1684 1581 1761 1659 Ο
1831 1580 1923 1663 Β.
2050 1579 2160 1664 11.

430 1857 487 1895 “
530 1851 899 1933 DATIS
936 1849 1259 1933 duobus
1294 1843 1620 1958 punffis
1656 1847 1995 1930 tertium
2022 1845 2395 1934 ‘invenire
2428 1853 2520 1933 in
2545 1851 2762 1938 retsta
2787 1883 2996 1964 quae
3025 1885 3164 1964 per

434 1993 487 2032 “
530 2017 619 2070 ea
650 1986 963 2088 tranfit,
1036 1987 1252 2068 inter
1283 1988 1411 2067 vel
1445 2007 1667 2068 extra
1710 1987 1902 2068 data
1945 1990 2251 2094 punaa
2297 1991 2540 2098 quod.
2557 1989 2802 2075 faciet
2843 1996 3166 2076 retstan-

436 2129 489 2169 “
534 2128 825 2236 gulum
868 2153 917 2206 a
960 2122 1377 2234 segmento
1410 2123 1625 2204 inter
1656 2123 1927 2230 ipsum
1957 2145 2045 2206 et
2076 2127 2426 2206 alterum
2463 2155 2558 2208 ex
2589 2129 2804 2210 datis
2838 2132 3166 2237 punffls

434 2266 489 2306 ‘⁶
531 2285 609 2342 et
638 2262 829 2342 data
860 2261 1077 2344 ῐεᾶἓι
1110 2260 1407 2365 majus,
1446 2282 1587 2340 aut
1620 2261 1897 2342 minus
1934 2262 2332 2368 quadrato
2369 2291 2462 2344 ex
2495 2264 2908 2374 segmento
2953 2269 3168 2351 inter

437 2403 489 2442 “
530 2399 797 2504 ipsum
831 2419 909 2479 et
941 2398 1353 2510 reliquum
1385 2397 1676 2514 datum
1704 2401 2114 2503 parfium
2146 2399 2366 2500 dato,
2409 2429 2666 2508 quam
2696 2403 2788 2484 in
2820 2407 3162 2508 ratione,

440 2538 491 2578 “
534 2537 659 2618 vel
708 2535 935 2644 quod
978 2533 1221 2616 faciet
1267 2535 1833 2642 tetstangulum
1873 2535 2087 2614 illud
2119 2536 2422 2616 -datum
2465 2537 2702 2618 fimul
2747 2569 2940 2623 cum
2984 2546 3170 2652 spa-

440 2676 491 2714 “
525 2673 647 2754 tio
682 2672 789 2752 ad
822 2671 1049 2779 quod
1082 2669 1577 2779 quadratum
1611 2670 1767 2752 hoc
1804 2673 2084 2754 datam
2119 2671 2364 2788 habet
2407 2675 2886 2763 rationem?

656 2943 1027 3028 PROP.
1072 2943 1399 3027 LXIX..
1438 2942 1821 3027 PROB.
1870 2945 1971 3028 ΙΙ.
2046 2945 2790 3029 EPITAGMA
2839 2975 2914 3036 ι,

1458 3150 1519 3226 Ρ
1586 3149 1665 3227 A
1730 3151 1804 3229 R
1872 3149 1925 3230 S
2062 3148 2127 3230 Ι.

446 3357 497 3397 “
526 3353 910 3434 DATIS
944 3349 1266 3433 duobus
1304 3350 1629 3458 punffis
1660 3353 1768 3452 A,
1808 3352 1873 3430 B
1920 3351 2254 3431 tertium
2291 3353 2364 3432 C
2408 3353 2770 3438 invenire
2813 3358 2906 3439 in
2948 3362 3166 3443 reeta

446 3495 497 3536 ‘⁶
540 3519 745 3600 quae
778 3517 921 3597 per
954 3517 1045 3571 ea
1076 3487 1357 3569 tranfit
1390 3489 1603 3568 inter
1633 3491 1939 3595 punQa
1974 3489 2164 3569 data
2199 3489 2422 3595 quod
2455 3491 2696 3574 faciet
2715 3497 3162 3606 ‚reecangu-

448 3632 501 3671 “
542 3631 715 3708 lum
752 3657 799 3706 a
834 3627 1249 3734 segmento
1282 3625 1795 3730 interipsum
1830 3648 1909 3705 et
1944 3627 2288 3706 alterum
2334 3654 2426 3706 ex
2471 3631 2796 3734 punaestis
2842 3633 3054 3715 datis
3089 3637 3168 3715 A

451 3768 503 3806 “
544 3787 622 3846 et
652 3765 845 3846 data
878 3765 1093 3845 retsta
1126 3765 1279 3844 AD
1322 3761 1587 3867 majus
1636 3763 2031 3869 quadrato
2075 3790 2173 3844 ex
2217 3762 2530 3871 reliquo
2571 3767 2989 3878 *segmento
3035 3775 3169 3854 CB

450 3908 502 3944 “
545 3904 759 4004 date,
793 3885 1051 4009 qdam
1082 3899 1175 3981 in
1206 3897 1593 3982 ratione.’'

572 4176 905 4258 Pastum
939 4193 1167 4281 puta,
1204 4121 1301 4256 et‘
1316 4166 1411 4254 fit
1445 4171 1737 4271 datum
1766 4175 2334 4284 rediangulum
2367 4203 2416 4258 a
2448 4177 2666 4259 recsta
2697 4179 2856 4260 DA
2888 4179 3168 4288 etipsa

452 4313 585 4394 ΑΕ
614 4306 1119 4412 contentum3
1189 4331 1271 4393 et
1314 4309 1709 4418 quoniam
1751 4312 1941 4393 data
1984 4313 2096 4393 est
2138 4315 2352 4396 rasta
2395 4316 2553 4395 DA
2595 4315 2788 4398 data
2830 4317 2982 4400 erit
3020 4321 3172 4400 AE

450 4477 645 4556 quae
679 4444 1031 4558 ponathr
1070 4447 1163 4530 in
1206 4450 1423 4534 refia
1463 4449 1609 4534 AB
1653 4449 1919 4532 versus
1963 4452 2368 4558 punitum
2401 4453 2510 4555 B;
2583 4453 2871 4538 datum
2915 4455 3171 4568 igitur

1670 4586 1741 4668 C
1782 4612 1826 4672 c
1877 4611 1923 4668 2
