4109 5609
979 391 1092 497 64
1315 387 1492 469 DE
1555 385 2255 471 SEchNE
2322 386 3376 473 DETERMINATA

975 607 1218 691 Ratio
1255 622 1530 689 autem
1561 607 2014 716 restanguli
2049 607 2156 689 ad
2192 606 2716 715 quadratum,
2764 606 2923 691 five
2954 611 3163 691 ratio
3196 609 3429 689 datae
3460 614 3723 693 ree'tae

849 846 856 853 ὓ
975 747 1058 826 D
1091 747 1198 825 ad
1241 742 1686 852 quaesitam
1721 746 1883 845 BE,
1935 766 2014 824 et
2048 746 2453 851 punctum
2488 747 2555 825 C
2590 774 2797 851 quae
2832 744 2987 825 hoc
3024 746 3398 847 efficient,
3436 747 3555 829 ita
3588 750 3725 827 in·-

977 884 1429 965 venientur.
1491 892 1500 899 ’
1533 882 1958 996 Qoniam
1997 881 2445 989 requiritur
2488 904 2584 962 ut
2628 883 2995 991 aequales
3040 881 3197 963 fint
3232 885 3391 983 BC,
3420 884 3597 982 -CE,
3648 907 3725 965 et

978 1046 1074 1100 ex
1121 1020 1344 1126 prius
1395 1017 1712 1099 ostenfis
1763 1020 2002 1099 debet
2043 1017 2198 1099 effe
2242 1039 2339 1097 ut

976 1157 1124 1237 AC
1156 1157 1260 1237 ad
1295 1158 1458 1256 CB,
1521 1156 1638 1235 ita
1673 1157 1806 1235 CB
1846 1155 1952 1235 ad
1999 1157 2134 1235 BE
2163 1188 2188 1254 3
2260 1176 2342 1237 et
2552 1172 2631 1249 -Β
2752 1170 2831 1250 A
3248 1170 3318 1251 C
3614 1168 3685 1251 E

975 1294 1090 1373 est
1121 1294 1258 1371 BE
1282 1294 1534 1399 dupla
1569 1290 1810 1401 ipsius
1837 1294 1999 1389 BC,
2031 1291 2181 1371 erit
2208 1292 2343 1371 BC
2556 1307 3675 1351 ·--—-¹---·----·-²---····

977 1430 1230 1535 dupla
1265 1426 1506 1535 ipsius
1541 1431 1712 1512 BA.
1805 1430 2019 1508 Data
2064 1449 2342 1509 autem
2703 1446 2786 1525 1)

977 1568 1090 1647 est
1137 1569 1306 1665 BA,
1359 1566 1548 1645 data
1593 1566 1848 1674 igitur
1891 1565 2004 1644 est
2049 1565 2212 1663 BC,
2262 1584 2343 1643 et

979 1704 1386 1809 pund'tum
1417 1705 1509 1786 C.
1581 1704 1752 1783 Fiat
1788 1703 2044 1811 igitur
2077 1700 2211 1781 BC
2238 1700 2499 1805 dupla
2528 1696 2775 1807 ipfius
2814 1701 2983 1802 BA,
3022 1722 3103 1782 et
3134 1705 3271 1782 BE
3306 1705 3557 1810 dupla
3590 1706 3724 1813 ip-

976 1836 1134 1921 fius
1171 1840 1346 1939 BC,
1325 1873 1344 1894 ·
1401 1861 1481 1920 et
1517 1838 1912 1945 quoniam
1944 1839 2061 1925 ,est
2091 1838 2237 1917 AC
2272 1838 2572 1937 acl-CB,
2620 1859 2717 1919 ut
2764 1840 2897 1919 CB
2932 1838 3039 1919 ad
3074 1842 3249 1939 BE3
3310 1842 3479 1921 erit
3510 1847 3725 1925 rest-

975 1902 1380 2085 angulum
1403 1978 1574 2075 AC,
1591 1980 1668 2055 D
1693 1975 1804 2055 ad·
1826 1974 2321 2081 quadratum
2355 2000 2451 2053 ex
2486 1976 2646 2073 CB,
2685 1972 2841 2057 hoe
2876 1977 2987 2057 est
3020 1977 3125 2055 ad
3156 1980 3729 2121 refiangulum

975 2115 1150 2212 AC,
1179 2114 1342 2213 BE,
1369 2134 1464 2195 ut
1487 2114 1566 2192 D
1593 2114 1696 2193 ad
1733 2114 1892 2195 BE.
1945 2112 2195 2193 Ratio
2220 2130 2495 2191 autem
2522 2108 2763 2217 ipfius
2788 2114 2867 2192 D
2892 2111 2998 2193 ad
3031 2116 3167 2193 BE
3192 2142 3294 2211 ea
3328 2116 3439 2195 est
3472 2115 3731 2221 quam

977 2248 1226 2333 habet
1253 2251 1337 2329 D
1374 2249 1478 2329 ad
1511 2250 2030 2357 qudruplam
2025 2250 2303 2329 redtae
2337 2249 2505 2329 BA.

1113 2386 1712 2493 Inquirendum
1744 2406 2023 2465 autem
2058 2384 2171 2467 est
2198 2410 2309 2465 an
2343 2386 2751 2490 punetum
2784 2387 2851 2465 G
2884 2386 3133 2468 faciat
3174 2386 3567 2491 majorem
3600 2390 3729 2491 vel

978 2522 1388 2603 minorem
1443 2522 1846 2605 rationem
1909 2521 2365 2629 restanguli
2428 2521 2539 2602 ad
2602 2523 3137 2629 quadratum,-
3204 2524 3493 2631 quovis
3572 2524 3733 2605 alio

981 2660 1286 2763 punti'co
1323 2659 1412 2738 in
1445 2660 1591 2739 BA
1623 2648 2016 2765 produdla
2053 2658 2159 2737 ad
2193 2678 2457 2764 partes
2492 2660 2591 2739 A.
2696 2660 3229 2741 Manentibus
3269 2660 3525 2767 igitur
3542 2674 3580 2771 j
3588 2692 3731 2767 am

977 2795 1421 2902 descriptis,
1469 2794 1566 2877 fit
1597 2796 1824 2877 aliud
1859 2770 2207 2903 quodvis
2242 2796 2646 2901 puntstum
2682 2798 2769 2895 F,
2819 2796 3045 2901 quod
3076 2797 3347 2903 primo
3382 2794 3491 2877 fit·
3512 2802 3727 2881 inter

977 2934 1058 3011 A
1077 2924 1086 2933 ’
1105 2953 1186 3013 et
1233 2934 1324 3015 E.
1429 2934 1996 3040 (bmparanda
2053 2930 2311 3041 ig'i'tur
2363 2932 2479 3011 est
2514 2932 2726 3011 ratio
2772 2934 3223 3041 refilanguli
3256 2935 3439 3035 -AC,
3488 2940 3569 3017 D
3620 2938 3727 3017 ad

979 3069 1478 3177 quadratum
1512 3098 1606 3151 ex
1640 3050 2036 3169 BC,0cu1n
2068 3068 2381 3149 ratione
2410 3069 2865 3175 reetanguli
2898 3072 3063 3169 AF,
3100 3073 3178 3149 D
3212 3072 3333 3151 ad
3366 3074 3725 3177 quadra-

979 3225 1166 3289 tum
1213 3230 1308 3285 ex
1356 3208 1506 3289 BF.
1611 3208 1714 3286 Et
1757 3206 2327 3313 permutando,
2378 3225 2455 3287 et
2501 3232 2644 3310 per
2692 3232 2757 3287 1.
2796 3205 2875 3287 6.
2912 3208 3455 3313 comparanda
3480 3210 3726 3291 ·venit

977 3342 1188 3425 ratio
1219 3346 1480 3427 refiae
1509 3346 1656 3426 AC
1698 3344 1808 3425 ad
1847 3344 2157 3423 restam
2194 3344 2361 3441 AF,
2432 3340 2591 3421 hoc
2644 3342 2756 3421 est
2788 3342 3005 3422 ratio
3052 3345 3501 3451 restanguli
3544 3348 3720 3447 AC,

979 3480 1117 3559 BE
1142 3481 1250 3560 ad
1271 3480 1540 3587 ipsum
1561 3482 1724 3579 AF,
1753 3481 1915 3579 BE,
1955 3506 2151 3559 cum
2174 3477 2485 3557 ratione
2516 3478 2895 3583 quadrati
2930 3506 3025 3559 ex
3060 3480 3195 3559 BC
3228 3480 3335 3559 ad
3366 3483 3724 3587 quadra-

977 3638 1166 3701 tum
1201 3644 1296 3697 ex
1330 3618 1479 3701 BF.
1585 3616 1822 3730 Qia·
1836 3642 2030 3695 vere
2068 3612 2699 3720 proportionales
2734 3614 3081 3697 ostensae
3114 3617 3299 3697 sunt
3344 3620 3519 3717 AC,
3556 3621 3720 3719 CB,

977 3752 1144 3851 BE,
1193 3754 1760 3869 restangulum
1791 3754 1965 3850 AC,
2004 3752 2140 3829 BE
2172 3751 2505 3857 aequale
2538 3749 2650 3830 est
2682 3750 3081 3857 quadrato
3116 3778 3209 3833 ex
3244 3755 3377 3832 BG
3394 3788 3418 3851 ;
3442 3752 3726 3861 -igitur

969 3888 1626 3995 comparandum
1659 3887 1772 3969 est
1803 3888 2371 3993 refilangulum
2402 3888 2567 3985 AF,
2608 3886 2741 3966 BE
2778 3914 2970 3967 cum
3005 3888 3402 3996 quadrato
3438 3918 3533 3970 ex
3569 3894 3720 3977 BF.

975 4028 1084 4107 Et
1118 4025 1407 4109 ablatis
1443 4024 1807 4132 utrisque
1849 4050 1948 4104 ex
1977 4023 2451 4131 redtangulo
2488 4024 2729 4122 FBE,
2756 4024 3403 4129 comparandum
3444 4027 3583 4105 est
3588 4054 3721 4107 re-

965 4161 1302 4267 {iquum
1335 4138 1902 4270 redtangulum
1937 4162 2149 4239 ABE
2184 4184 2379 4241 cum
2412 4158 2725 4265 reliquo
2754 4161 2970 4244 BFE·.
2996 4162 3175 4249 Est
3209 4182 3502 4287 amem
3518 4166 3723 4245 tetst-

690 4335 719 4379 a
747 4352 806 4413 5
859 4350 922 4398 2
971 4298 1378 4407 angulum
1409 4300 1624 4379 ABE
1655 4298 1988 4404 aequale
2023 4295 2421 4403 quadrato
2456 4320 2553 4377 ex
2586 4297 2721 4376 BC
2744 4296 2979 4404 quod
3012 4298 3277 4403 majus
3303 4285 3477 4379 dest
3506 4302 3720 4381 re&-

971 4436 1278 4595 angulo
1327 4437 1548 4551 BFE,
1612 4435 1806 4543 quia
1855 4436 2075 4517 reela
2118 4434 2256 4515 BE
2290 4431 2677 4513 bifariam
2710 4432 2915 4518 secta
2962 4434 3201 4516 estin
3233 4434 3719 4518 C.Ab1at0
