4109 5609
1065 415 1248 496 DE
1347 409 2543 500 PORISMATIBUS.
2992 414 3163 524 563

555 633 759 715 Cis.
807 656 876 712 1.
925 631 1280 745 Qando
1315 635 1716 738 punctum
1753 635 1818 710 E
1853 635 1962 712 est
1997 653 2215 712 extra
2251 632 2675 712 circulum.
2745 633 2823 710 A
2858 633 3163 737 pundio

417 771 482 848 E
505 768 609 848 ad
645 787 1016 848 centrum
1051 770 1116 847 C
1151 768 1497 849 ducatur
1530 771 1742 849 recia
1777 771 1936 868 EC,
1978 791 2057 848 et
2092 769 2195 848 ad
2230 771 2362 846 EC
2388 798 2437 846 a
2470 768 2775 872 puncto
2802 771 2879 848 K
2904 769 3161 851 duca·

415 928 552 984 tur
597 904 1274 1010 perpendicularis
1321 905 1490 1002 KI;
1565 905 1958 1010 quoniam
2004 905 2259 1012 igitur
2303 907 2605 1010 puneia
2668 907 2761 1004 E,
2809 907 2915 1004 N,
2964 907 3072 1006 K,
3122 907 3161 987 1

415 1041 604 1121 sunt
640 1041 728 1118 in
763 1040 1094 1141 circulo,
1145 1040 1339 1146 quia
1375 1041 1654 1147 anguli
1689 1041 1793 1120 ad
1826 1045 1932 1141 N,
1973 1044 2008 1120 I
2045 1041 2233 1121 sunt
2266 1040 2489 1139 redii,
2540 1040 2692 1119 erit
2725 1042 3157 1148 reciangu-

413 1178 594 1256 lum
627 1177 787 1273 EC,
807 1177 908 1254 CI
950 1170 1310 1283 (aequale
1340 1179 1808 1285 rectangulo
1845 1181 2019 1276 NC,
2049 1178 2223 1274 CK,
2262 1177 2415 1257 hoc
2453 1176 2591 1286 est)
2632 1177 3027 1282 quadrato
3062 1204 3159 1260 ex

415 1311 1006 1392 semidiametro
1041 1314 1226 1410 003
1300 1340 1547 1418 quare
1580 1315 1838 1394 rectae
1873 1341 1920 1392 a
1953 1315 2261 1419 puncto
2296 1315 2363 1392 E
2396 1315 2685 1394 duciae
2718 1313 2821 1392 ad
2856 1315 3159 1418 punc'ta

403 1447 508 1526 in
543 1446 844 1553 quibus
881 1450 996 1528 KI
1029 1447 1726 1530 circumferentiae
1765 1451 2147 1549 occurrit,
2210 1449 2606 1530 circulum
2654 1449 3149 1558 contingent.

413 3477 670 3555 Recta
726 3469 980 3578 igitur
1037 3465 1470 3580 EQquae
1526 3469 2218 3555 circumferentiae
2265 3481 2617 3560 occurrit
2658 3481 2751 3562 in
2796 3484 3027 3600 QR
3072 3512 3151 3573 et

413 3605 945 3715 conjungenti
990 3605 1252 3684 tacius
1297 3605 1389 3682 in
1432 3607 1538 3704 K,
1589 3604 1682 3683 in
1725 3606 2008 3686 iisdem
2054 3611 2376 3714 punctis
2424 3615 2819 3700 secabitur
2844 3633 2873 3670 ²
2894 3624 3011 3706 ita
3052 3648 3151 3710 ut
3198 3663 3227 3698 ι

407 3745 568 3858 ·Q
599 3743 696 3824 fit
731 3742 834 3822 ad
867 3741 1038 3836 ER„
1085 3759 1180 3818 ut
1215 3737 1378 3852 Q<
1411 3740 1516 3820 ad
1549 3741 1730 3824 KR.

552 4019 752 4098 Cas,
793 4037 871 4096 2.
916 4009 1273 4122 Qando
1307 4011 1712 4116 punctum
1745 4007 1814 4092 E
1847 4011 1958 4092 est
1987 4007 2205 4096 intra
2237 3975 2661 4110 circulum.
2729 4019 3151 4143 Qoniam

417 4148 1046 4260 proportionales
1091 4145 1282 4227 sunt
1325 4145 1498 4244 CK,
1548 4146 1720 4246 CO,
1759 4146 1932 4249 CN,
2005 4170 2086 4230 et
2130 4151 2241 4236 est
2280 4155 2429 4262 EN
2471 4165 3153 4267 perpendiculari,

417 4289 518 4370 ad
555 4289 729 4387 CK,
755 4285 1012 4365 rectae
1045 4305 1252 4387 quae
1285 4308 1334 4360 a
1369 4281 1674 4386 punsto
1697 4283 1778 4366 K
1797 4283 2217 4368 ducuntur
2246 4289 2355 4372 ad
2386 4298 2689 4400 puncta
2718 4299 2813 4381 in
2844 4304 3149 4409 quibus

417 4425 562 4506 EN
593 4417 1290 4506 circumferentiae
1321 4438 1786 4520 occurrunt,
1835 4419 2239 4506 circulum
2270 4429 2775 4550 contingent,
2822 4459 2901 4522 et
2935 4442 3153 4524 resta

1555 4555 1999 4640 Bbbb2
