4109 5609
915 484 1021 541 20
1594 452 1780 532 DE
1868 430 3022 533 LOGARITHMIS.
3177 491 3192 513 ι

917 674 1031 757 est
1051 670 1259 753 ratio
1281 670 1425 751 AB
1451 668 1558 749 ad
1580 670 1715 750 BC
1738 702 1763 769 3
1784 666 2041 776 igitur
2061 690 2233 745 una
2253 662 2554 744 harum
2577 665 2939 771 partium
2961 664 3240 745 minor
3261 664 3416 744 erit
3427 690 3697 771 quam

918 812 1127 893 MN.
1239 808 1361 889 Sit
1392 806 1599 888 ratio
1634 806 1777 887 FG
1812 804 1919 885 ad
1952 802 2117 882 Go
2151 827 2246 881 ea
2291 828 2500 907 quae
2544 828 2640 882 ex
2683 800 3140 881 rationibus
3183 800 3692 881 radicalibus

922 943 1359 1053 compofita
1392 943 1757 1051 proxime
1789 937 2053 1045 major
2083 937 2196 1018 est
2227 938 2540 1017 ratione
2572 938 2716 1018 FG
2751 937 2856 1017 ad
2880 937 3072 1033 GK,
3111 932 3372 1043 fitque
3402 936 3540 1015 LP
3563 932 3698 1013 lo-

923 1082 1385 1195 garithmus
1535 1076 1874 1160 rationis
3577 1056 3582 1061 ’

924 1220 1071 1303 FG
1106 1219 1213 1298 ad
1244 1218 1436 1321 GO,
1466 1216 1613 1325 qui
1636 1242 1875 1325 prop-
1983 1212 2073 1291 Ἐ
2587 1210 2680 1289 Η
3048 1209 3130 1287 K
3172 1209 3250 1288 Ο
3605 1203 3696 1284 G

927 1378 1143 1437 terea
1256 1352 1610 1459 aequalis
1726 1349 1880 1430 erit
2008 1340 3672 1385 —··········‘·······-·¹···'·-·····—

930 1492 1295 1575 summae
1342 1486 1879 1599 logarithmo-
2012 1476 2084 1557 L
2165 1487 2171 1495 “
2961 1477 3044 1556 Ν
3133 1478 3193 1555 Ρ
3536 1474 3638 1553 Μ

929 1654 1123 1708 rum
1152 1625 1567 1706 rationum
1602 1623 1743 1703 FG
1774 1622 1881 1702 ad
2007 1610 3598 1653 ““““““““““““““““““““““““““”““““’”“““·“““““““”

934 1764 1135 1863 GH,
1199 1782 1279 1843 et
1322 1762 1497 1839 HG
1544 1758 1649 1838 ad
1694 1760 1879 1841 GO.
2013 1745 2094 1825 A
2545 1746 2616 1824 c
2927 1746 2996 1824 B

930 1898 1111 1981 Erit
1142 1897 1397 2007 igitur
1428 1898 1569 1975 NP
1610 1893 1885 1975 minor
2016 1878 2966 1923 -.-.---—.1·-----

934 2063 1190 2143 quam
1272 2060 1439 2113 una
1524 2031 1885 2138 partium
2018 2012 2102 2090 D
2883 2011 2954 2089 E

937 2170 1461 2269 radicalium,
1583 2188 1680 2246 ut
1792 2167 1885 2258 in
2551 2178 2562 2189 ’

938 2308 1171 2411 Prop.
1194 2306 1269 2386 6.
1307 2303 1735 2402 ostensum,
1766 2324 1843 2382 et
1878 2326 2296 2410 propterea
2329 2304 2594 2385 multo
2629 2330 2882 2412 quam
2913 2304 3092 2382 NM
3115 2302 3430 2397 mium-3
3481 2332 3694 2413 qua-

938 2468 1027 2525 re
1063 2443 1191 2521 LP
1226 2441 1498 2519 minor
1544 2442 1653 2519 est
1698 2440 1892 2522 LM.
2008 2442 2144 2521 Est
2188 2462 2461 2521 autem
2505 2442 2664 2541 LP,
2727 2468 2870 2548 per
2913 2442 3147 2547 Prop.
3187 2466 3263 2551 7.
3335 2442 3700 2548 aequalis

938 2576 1306 2662 summae-
1339 2574 2022 2685 logarithmorum
2057 2577 2476 2656 rationum
2509 2579 2650 2657 FG
2685 2577 2790 2656 ad
2823 2578 3025 2675 GH,
3063 2598 3144 2657 et
3177 2578 3348 2657 HG
3374 2578 3481 2657 ad
3505 2580 3700 2662 GK.

942 2712 1211 2792 Prima
1249 2711 1501 2818 igitur
1533 2712 1853 2789 summa
1897 2712 2171 2791 minor
2215 2714 2326 2792 est
2368 2712 2719 2819 reliqu&
2792 2733 2901 2811 et,
2953 2710 3224 2793 ablato
3269 2714 3700 2797 communi

942 2847 1435 2956 logarithmo
1470 2846 1803 2927 rationis
1840 2849 1977 2926 FG
2015 2848 2120 2926 ad
2157 2850 2356 2947 GH,
2385 2848 2536 2927 erit
2568 2848 2959 2955 reliqum,
2989 2847 3531 2957 logarithmus
3567 2877 3694 2929 ra·

942 2984 1189 3064 tionis
1228 2985 1330 3065 se.
1366 2984 1537 3060 HG
1576 2982 1679 3058 ad
1726 2984 1911 3079 GO,
1962 2983 2238 3061 minor
2279 2983 2590 3089 reliquo
2624 2956 3116 3094 logarithmo¹
3149 2984 3487 3064 rationis
3523 2987 3698 3066 HG

944 3121 1049 3199 ad
1095 3120 1281 3200 GK.
1397 3117 1661 3225 Igitur
1702 3115 1909 3196 ratio
1954 3120 2126 3197 HG
2177 3118 2282 3197 ad
2327 3120 2486 3197 GO
2529 3118 2808 3199 minor
2849 3120 2958 3199 est
3001 3119 3316 3199 ratione
3370 3122 3550 3201 HG
3589 3120 3702 3200 ‘ad

943 3257 1146 3352 GK;
1220 3254 1354 3333 sed
1401 3276 1481 3332 et
1512 3252 1796 3356 major,
1860 3254 2254 3357 quoniam
2303 3254 2459 3333 GO
2505 3254 2780 3335 minor
2822 3256 2932 3335 est
2976 3255 3137 3335 GK
3163 3287 3189 3353 3
3261 3257 3490 3363 quod
3525 3255 3702 3337 fiexi

944 3418 1113 3475 non
1162 3390 1439 3495 potest.
1542 3388 1807 3495 Igitur
1836 3390 2003 3466 LM
2038 3416 2208 3469 non
2243 3389 2353 3469 est
2387 3390 2646 3494 major
2681 3418 2932 3497 quam
2967 3390 3143 3473 LN.

1082 3527 1238 3607 Sed
1272 3524 1331 3601 fi
1368 3544 1717 3628 ponatur
1750 3524 1915 3602 LM
1953 3525 2226 3611 minor
2261 3553 2512 3640 quam
2546 3528 2722 3626 LN,
2773 3526 3140 3606 sumatur
3170 3527 3380 3606 ratio
3418 3522 3562 3611 FG
3599 3526 3702 3607 ad

950 3664 1137 3759 GO,
1188 3686 1394 3765 quae
1432 3688 1525 3737 ex
1569 3659 1948 3738 radicali-

950 3796 1109 3876 bus
1170 3793 1601 3900 composita
1671 3794 1947 3899 proxi·
2083 3774 2149 3853 F
2190 3792 2206 3799 ’
2515 3776 2607 3853 H
2973 3776 3058 3855 0-
3119 3776 3198 3856 K
3623 3776 3704 3855 G

950 3958 1087 4011 me
1142 3931 1415 4011 minor
1472 3932 1581 4010 est
1635 3930 1947 4011 ratione
2078 3908 3696 3959 ”“““““”““”“““”“““·““““““““-““-““”“”

805 4052 809 4055 ’
954 4064 1950 4184 FGadGK3fitqueLP
2085 4040 2156 4117 L
2911 4045 3012 4122 M
3207 4046 3267 4123 Ρ
3470 4046 3554 4125 Ν

956 4203 1493 4311 Ῐοςειτίἰὴιῐιυε
1610 4202 1945 4283 rationis
2092 4178 3518 4227 --—-·—---—.-=-.---·-—-

956 4342 1098 4420 FG
1142 4340 1247 4418 ad
1292 4341 1478 4438 (ΞΟ,
1538 4338 2035 4447 reliquisque
2078 4360 2175 4418 ut
2220 4361 2456 4419 antea
2503 4340 3006 4443 construtstis,
3067 4342 3532 4424 ostendetur
3570 4347 3706 4425 L?

958 4475 1217 4584 major
1260 4502 1514 4593 quam
1556 4476 1753 4583 LM²
1826 4473 1981 4565 hoc
2028 4476 2139 4561 est
2181 4474 2500 4556 summa
2557 4477 3239 4597 logarithmorum
3283 4480 3704 4569 rationum
