4109 5609
710 430 1807 549 QUANTITATUM
1872 430 2043 511 ET
2112 433 2915 519 RATIONUM.
3085 457 3204 541 gr

1382 796 1441 871 Ρ
1508 794 1583 873 R
1648 794 1728 873 O
1796 794 1879 875 P.
2022 794 2251 877 XVI.

424 1078 491 1119 ‘⁴
536 1073 639 1153 SI
687 1068 1025 1152 rationis
1062 1072 1206 1149 AB
1245 1068 1348 1148 ad
1394 1071 1557 1169 BC,
1607 1070 1879 1151 Limes
1914 1068 2011 1149 fit
2044 1071 2254 1151 ratio
2289 1072 2416 1149 EF
2453 1072 2558 1151 ad
2605 1073 2776 1171 FG,
2829 1094 2907 1152 et
2941 1074 3193 1154 ratio-

427 1214 487 1255 “
536 1210 665 1289 nis
702 1210 835 1288 BC
873 1209 977 1287 ad
1022 1211 1167 1287 CD
1203 1207 1475 1287 Limes
1511 1206 1607 1287 fit
1650 1209 1859 1289 ratio
1892 1210 2033 1288 FG
2071 1210 2173 1287 ad
2207 1210 2418 1308 GH,
2453 1232 2798 1316 utraque
2833 1239 3019 1290 vero
3056 1240 3194 1290 ra-

416 1352 488 1391 “
538 1348 655 1427 tio
702 1368 1095 1453 augeatur
1141 1348 1263 1424 vel
1310 1345 1761 1429 minuatur.
1865 1345 2043 1426 Erit
2101 1346 2308 1427 ratio
2367 1348 2494 1427 EF
2539 1348 2646 1427 ad
2694 1348 2871 1427 GH
2915 1348 3193 1431 Limes

424 1490 487 1531 “
534 1484 873 1565 rationis
908 1486 1053 1563 AB
1088 1484 1193 1563 ad
1226 1480 1451 1567 CD.”

562 1762 937 1865 Utraque
974 1759 1193 1839 enim
1229 1757 1437 1837 ratio
1471 1756 1895 1837 minuatur
1927 1778 2005 1839 et
2041 1786 2136 1838 ex
2181 1756 2655 1840 definitione
2689 1761 3015 1842 Limitis
3053 1788 3192 1841 ra·-

429 1896 706 1996 tionis,
746 1895 896 1977 erit
930 1896 1137 1975 ratio
1164 1898 1305 1973 AB
1344 1896 1447 1974 ad
1486 1896 1618 1973 BC
1643 1896 1949 2002 semper
1972 1896 2233 2001 major
2257 1899 2569 1978 ratione
2597 1900 2721 1977 EF
2759 1900 2860 1978 ad
2899 1900 3068 1999 FG,
3115 1919 3208 1979 et.

424 2036 633 2115 ratio
650 2036 783 2114 BC
811 2034 917 2112 ad
942 2034 1085 2113 CD
1110 2033 1417 2139 semper
1443 2060 1615 2111 ma-

412 2171 549 2277 jor
626 2172 940 2251 ratione
998 2171 1139 2249 FG
1210 2170 1315 2249 ad
1384 2170 1605 2269 GH;
1748 2172 1827 2250 A
2209 2173 2275 2250 B
2693 2174 2762 2252 C
3109 2174 3188 2251 D

418 2308 683 2417 igitur
716 2338 811 2388 ex
848 2307 1191 2415 aequali,
1231 2308 1437 2388 ratio
1462 2309 1604 2387 AB
1742 2308 3220 2345 ...-.-.-.......2....-..........-·...........-.....-

420 2446 531 2524 ad
576 2449 737 2525 CD
783 2446 1091 2551 semper
1135 2444 1395 2549 major
1451 2446 1607 2523 erit
1776 2492 1849 2570 E
2137 2494 2194 2570 F
2401 2494 2468 2571 L
2578 2494 2660 2571 G
2915 2496 2993 2572 K
3066 2496 3156 2573 H

422 2584 735 2663 ratione
771 2586 895 2661 EF
933 2584 1037 2661 ad
1072 2583 1284 2661 GH:
1338 2583 1603 2661 osten·
2529 2671 2539 2684 .

422 2720 793 2801 dendum
826 2746 1017 2799 vero
1052 2720 1314 2817 restat,
1358 2719 1599 2799 ratio·
2485 2720 2594 2798 M

420 2884 618 2937 nem
662 2860 803 2937 AB
842 2857 944 2935 ad
994 2859 1136 2935 CD
1197 2856 1601 2936 minorem

425 2995 601 3075 fieri
638 2994 849 3101 poffe
884 2994 1195 3073 ratione
1231 3022 1721 3099 quacunque
1756 2994 1973 3093 data,
2012 3022 2223 3101 quae
2257 2993 2518 3099 major
2563 2994 2672 3073 est
2717 2992 3028 3073 ratione
3063 2995 3214 3077 EF*

428 3133 533 3211 ad
592 3133 793 3214 GH.
876 3131 997 3211 Sit
1039 3132 1247 3209 ratio
1293 3132 1417 3209 EF
1465 3132 1569 3209 ad
1610 3132 1780 3209 GK
1825 3131 2087 3235 major
2131 3132 2440 3211 ratione
2487 3134 2611 3210 EF
2657 3132 2762 3209 ad
2807 3132 3014 3231 GH,
3079 3132 3210 3212 est.

426 3269 683 3377 igitur
718 3271 893 3348 GH
929 3268 1188 3372 major
1222 3268 1424 3346 GK:
1492 3266 1635 3349 fiat
1670 3290 1765 3347 ut
1793 3270 1939 3373 ‚FG
1978 3268 2083 3346 ad
2119 3268 2292 3347 GH
2329 3268 2443 3346 ita
2479 3268 2881 3375 quaedam
2919 3271 3042 3347 FL
3081 3270 3204 3349 ad*

427 3408 621 3505 GK,
660 3427 740 3486 et
776 3405 1173 3513 quoniam
1196 3406 1373 3483 GH
1410 3404 1669 3509 major
1704 3406 1815 3484 est
1840 3406 2032 3504 GK,
2063 3404 2214 3484 erit
2240 3406 2380 3484 FG
2417 3405 2677 3511 major
2712 3407 2836 3483 FL
2877 3400 3048 3511 (14.
3068 3405 3202 3517 5.)-

424 3544 815 3629 Sumatur
864 3544 1019 3621 FM
1068 3570 1277 3648 quae
1322 3543 1595 3620 minor
1638 3540 1733 3620 fit
1784 3570 2035 3648 quam
2082 3544 2254 3643 PG,
2303 3543 2564 3648 major
2607 3565 2881 3623 autem
2931 3570 3206 3651 quam-

429 3683 601 3779 FL3
676 3680 827 3759 erit
862 3679 1117 3787 igitur
1162 3680 1367 3759 ratio
1406 3680 1531 3756 EF
1566 3679 1671 3758 ad
1706 3682 1859 3758 ΡΜ
1896 3680 2158 3785 major
2191 3681 2502 3760 ratione
2537 3684 2662 3759 EF
2697 3682 2800 3761 ad
2837 3683 3010 3783 FG,
3049 3710 3197 3759 ras·-

426 3818 543 3897 tio
592 3838 867 3895 autem
913 3818 1067 3893 ΡΜ
1115 3816 1219 3895 ad
1265 3817 1431 3894 GK
1476 3816 1735 3921 major
1781 3818 1930 3896 erit
1978 3816 2288 3895 ratione
2359 3818 2484 3895 FL
2544 3820 2648 3896 ad
2693 3820 2896 3900 GK:
2971 3848 3186 3927 quo·—

424 3956 655 4035 ‘niam
704 3982 892 4033 vero
936 3953 1273 4033 rationis
1308 3952 1828 4033 decrescentis
1865 3956 2007 4032 AB
2044 3954 2152 4031 ad
2179 3955 2320 4031 BC
2366 3955 2640 4033 Limes
2675 3956 2787 4033 est
2817 3958 3024 4037 ratio
3061 3960 3186 4037 EF
3204 3963 3212 3969 ⁴

429 4092 531 4171 ad
570 4092 739 4193 FG,
778 4091 1071 4197 poterit
1105 4091 1311 4171 ratio
1343 4094 1485 4169 AB
1524 4091 1627 4169 ad
1662 4094 1795 4170 BC
1830 4091 2105 4169 minor
2137 4090 2310 4169 fieri
2350 4118 2841 4197 quacunque
2874 4094 3212 4173 ratione*

430 4229 648 4328 data,
702 4256 908 4335 quae
941 4228 1201 4332 major
1246 4230 1356 4307 est
1392 4228 1699 4307 ratione
1738 4230 1860 4307 EF
1898 4229 1999 4307 ad
2038 4228 2177 4306 FG
2212 4263 2232 4326 3
2309 4228 2704 4309 decrescat
2752 4230 3007 4337 igitur
3049 4258 3184 4308 ra-

428 4365 549 4445 tio
584 4370 725 4445 AB
760 4366 865 4446 ad
904 4368 1037 4443 BC
1070 4384 1165 4443 ut
1210 4366 1483 4444 minor
1528 4364 1671 4444 fiat
1707 4365 2017 4446 ratione
2065 4368 2196 4443 EF
2241 4366 2346 4444 ad
2393 4368 2588 4464 FM3
2663 4387 2743 4445 et
2787 4367 3206 4473 quoniam=

430 4503 765 4585 rationis
828 4502 1347 4633 decrescentis
1410 4504 1543 4585 BC
1602 4504 1707 4583 ad
1752 4504 1895 4585 CD
1941 4504 2214 4587 Limes
2263 4504 2380 4587 est·
2417 4505 2642 4587 ratio·
2671 4504 2811 4587 FG
2861 4505 2981 4586 ad.
3009 4504 3202 4585 GH.
