4109 5609
1073 414 1258 494 DE
1359 404 2571 492 PORISMATIBUsz
3026 431 3205 518 519*

575 634 1000 748 Qoniarn
1037 629 1260 710 enim
1301 631 1460 708 AD
1506 627 1620 708 est
1663 626 2020 734 aequalis
2068 623 2213 733 ipfi
2259 625 2435 724 DC,
2484 625 2637 707 erit
2671 621 2723 675 '¹‘
2754 625 3193 734 redtangu-

433 775 614 852 lum
650 774 812 872 AF,
833 772 959 848 FC
982 796 1148 848 una
1172 794 1366 848 cum
1391 793 1604 873 qua-
3164 793 3172 802 ·

433 910 670 990 drato
705 937 800 988 ex
835 910 969 985 FD
1019 906 1346 1010 aequale
1393 931 1601 1008 qua-

433 1049 670 1127 drato
706 1071 800 1124 ex
834 1046 1018 1125 DA.
1095 1041 1250 1121 Sed
1284 1041 1603 1120 Γεξὶειῃ-

435 1185 732 1292 gulum
763 1182 926 1280 AF,
965 1181 1090 1258 FC
1126 1179 1236 1258 est
1269 1176 1604 1283 aequale

431 1319 908 1426 te&angulo
932 1317 1256 1413 BF,FE;
1288 1330 1606 1421 etqua-⁴

435 1459 770 1536 dratum
807 1481 899 1532 ex
933 1455 1086 1531 DA
1129 1451 1612 1558 reffi'tangulo

434 1596 611 1691 BD,
639 1593 788 1670 DE
823 1589 1176 1694 aequale.
1247 1589 1600 1667 Reestan-

435 1731 732 1839 gulum
776 1727 1034 1832 igitur
1071 1727 1222 1824 BF,
1263 1726 1388 1802 FE
1432 1751 1599 1802 una

437 1893 634 1947 cum
670 1863 1078 1971 quadrato
1104 1887 1198 1941 ex
1235 1863 1368 1940 FD
1404 1860 1516 1939 est
1561 1853 1890 1968 aequale
1935 1863 2407 1971 rectangulo
2454 1865 2626 1966 BD,
2664 1867 2839 1949 DE.
2941 1866 3199 1982 Qud.

435 2030 634 2083 cum
669 2001 784 2080 ita
817 1998 937 2096 fit,
989 1999 1126 2078 fiet
1165 1993 1220 2102 †
1257 2017 1351 2077 ut
1385 1999 1530 2076 BD
1567 1997 1671 2076 ad
1702 2000 1878 2098 DE,
1929 2001 2044 2080 ita
2080 2001 2205 2078 BF
2240 2000 2345 2079 ad
2380 2003 2533 2084 FE.

1304 2275 1363 2350 P
1431 2275 1504 2352 R
1574 2275 1650 2354 O
1717 2275 1801 2354 P.
1939 2274 2325 2355 LXXIV.

1040 2479 1273 2591 Qae
1307 2479 1418 2558 est
1450 2483 1681 2583 Prop.
1732 2463 1912 2588 137.
1949 2417 2133 2560 Lib.
2176 2506 2252 2589 7.
2301 2478 2585 2584 Pappi.

448 2693 507 2730 “
557 2687 726 2766 SIT
769 2683 1316 2764 semicirculus
1353 2683 1443 2762 in
1489 2685 1703 2764 refia
1749 2683 1962 2763 linea
2005 2687 2176 2784 AB,
2228 2705 2472 2791 atque
2518 2713 2563 2762 a
2610 2686 2935 2790 punffis
2980 2689 3087 2789 A,
3128 2691 3195 2770 B

450 2827 510 2867 “
557 2822 702 2928 ipfi
737 2823 945 2900 ACB
982 2821 1086 2900 ad
1121 2821 1376 2902 refios
1413 2821 1752 2928 angulos
1789 2821 2199 2901 ducantur
2228 2824 2491 2902 metae
2524 2821 2781 2902 lineae
2814 2825 2989 2922 BD,
3016 2827 3191 2924 ΑΕ,

453 2963 514 3002 “
564 2981 640 3038 et
673 2961 1020 3040 ducatur
1053 2979 1471 3063 utcunque
1503 2957 1651 3035 DE
1697 2985 1904 3062 quae
1951 2957 2647 3038 circumferentiae
2692 2981 3060 3040 occurrat
3104 2961 3196 3040 in

454 3100 512 3138 “
563 3099 659 3196 F;
735 3125 783 3174 a
816 3097 1121 3200 punsto
1169 3114 1445 3173 autem
1491 3095 1575 3193 F,
1627 3091 1771 3199 ipfi
1813 3097 1962 3172 DE
2007 3095 2113 3174 ad
2159 3097 2415 3174 restos
2464 3096 2802 3202 angulos
2850 3097 3200 3177 ducatur

551 3313 588 3348 ⁴
611 3306 768 3380 erit]
821 3305 1122 3368 Ducatur
1155 3304 1296 3368 DG
1331 3304 1870 3388 perpendicularis
1897 3305 1977 3369 ad
2003 3303 2173 3384 Ac;
2229 3305 2536 3390 quoniam
2572 3305 2767 3390 igitur
2802 3306 2941 3370 AD
2980 3308 3067 3372 est
3101 3331 3200 3373 ae·

401 3431 408 3438 ·
451 3406 656 3490 qualis
682 3405 794 3489 ipsi
819 3403 968 3480 DC,
1005 3405 1124 3466 erit
1148 3401 1287 3467 AG
1316 3402 1591 3488 aequalis
1627 3399 1775 3468 GC.
1850 3405 2059 3487 Igitur
2090 3405 2533 3488 reeiangulum
2570 3405 2718 3483 AF,
2742 3405 2852 3470 FC
2884 3429 3017 3471 una
3046 3429 3199 3472 cum

457 3505 775 3588 quadrato
811 3525 892 3567 ex
934 3502 1056 3565 FG
1091 3503 1350 3585 aequale
1385 3503 1474 3566 est
1500 3507 1526 3537 ⁸
1553 3503 1871 3583 quadrato
1905 3525 1986 3567 ex
2021 3502 2202 3580 AG;
2256 3523 2599 3567 commune
2646 3523 3011 3588 apponatur
3040 3529 3202 3590 qua·
3256 3531 3283 3562 ο
3314 3547 3371 3606 5,
3406 3545 3464 3592 2.

457 3605 715 3667 dratum
742 3623 822 3664 ex
861 3601 1016 3676 GD,
1067 3601 1188 3663 erit
1227 3601 1670 3684 restangulum
1721 3601 1868 3676 AF,
1896 3601 2002 3664 FC
2047 3623 2181 3665 una
2216 3623 2361 3666 cum
2396 3603 2720 3686 quadratis
2754 3625 2835 3668 ex
2867 3604 3011 3681 FG,
3045 3605 3203 3684 GD,

455 3704 584 3766 hoc
609 3702 698 3763 est
721 3721 854 3764 una
879 3721 1026 3763 cum
1063 3699 1377 3782 quadrato
1401 3720 1480 3762 ex
1505 3697 1622 3762 FD
1651 3699 1914 3782 aequale
1937 3701 2261 3783 quadratis
2286 3721 2367 3763 ex
2392 3699 2559 3777 AG,
2586 3698 2745 3778 GD,
2780 3704 2908 3767 hoc
2934 3705 3023 3768 est
3049 3725 3205 3790 qua·

454 3801 642 3864 drato
665 3821 744 3862 ex
765 3799 932 3862 DA.

562 3905 604 3977 †
631 3897 774 3972 fiet]
829 3897 1159 3987 Qoniam
1181 3897 1352 3958 enim
1383 3895 1828 3981 resta-aguliam
1859 3895 1992 3974 BF,
2018 3895 2123 3959 FE
2156 3917 2289 3960 una
2321 3918 2469 3960 cum
2504 3900 2820 3982 quadrato
2852 3922 2933 3965 ex
2964 3902 3083 3966 FD
3118 3905 3207 3967 est

459 3998 722 4080 aequale
747 3997 1118 4080 red‘tangulo
1145 3993 1290 4072 BD,
1309 3994 1428 4058 DE
1449 4021 1468 4071 ;
1497 3993 1878 4058 auferantur
1897 3994 2185 4078 aequalia
2204 3997 2361 4057 haec
2384 4017 2465 4059 ex
2489 3998 2861 4081 rectangulo
2890 3999 3037 4077 BD,
3060 4001 3203 4078 DF,

461 4095 582 4158 erit
604 4095 926 4176 reliquum
953 4093 1392 4177 restangulum
1415 4091 1545 4170 BF,
1572 4092 1694 4156 DE
1729 4091 1992 4176 aequale
2026 4093 2279 4176 reliquo
2318 4095 2688 4180 reetangulo
2720 4095 2869 4172 BD,
2896 4095 3024 4163 FE.
3104 4099 3207 4164 Ut

461 4193 658 4279 igitur
681 4193 800 4256 BD
831 4195 912 4256 nd
933 4191 1082 4270 DE,
1119 4193 1206 4254 ita
1229 4189 1336 4254 BF
1357 4192 1442 4255 ad
1465 4191 1592 4256 FF..
3126 4253 3135 4262 ,

562 4291 1017 4358 Commmdini
1053 4291 1264 4376 figura
1301 4307 1366 4354 et
1397 4291 1890 4356 commentarius
1919 4303 2177 4376 ponunt
2224 4291 2459 4354 reikam
2492 4291 2617 4354 DB
2656 4291 2911 4356 ductam
2943 4289 3063 4356 effe
3096 4313 3211 4376 per

464 4410 791 4465 centrum„
855 4389 1122 4456 Constat
1147 4406 1362 4452 autem
1387 4412 1468 4455 ex
1495 4387 1702 4476 Pappi
1731 4388 2271 4456 demonstratione
2300 4390 2533 4455 reikam
2556 4391 2680 4455 DB
2708 4391 3065 4456 ducendam
3086 4389 3209 4455 effe

463 4507 794 4578 utcunque
829 4489 912 4556 ad
943 4489 1281 4556 circulum.
